2181 3305
885 159 1148 198 -331-

159 311 246 340 non
294 311 390 339 cum
439 300 601 339 eisdem
651 299 876 349 Episcopis
910 310 959 338 ac
995 310 1146 338 eorum
1189 299 1436 348 comitibus,
1482 298 1781 345 familiaribus,
1815 303 1856 339 et

158 371 425 420 domesticis,
449 373 490 410 et
514 371 744 420 quibusvis
768 370 862 409 aliis
887 370 1102 419 personis,
1137 370 1421 420 presbyteris,
1454 372 1495 409 et
1521 369 1700 410 Clericis
1725 381 1856 418 super

159 442 475 490 irregularitate
512 452 584 489 per
618 452 695 479 eos
731 440 1074 489 praemissorum
1111 440 1344 480 occasione
1379 443 1616 489 contracta,
1649 441 1855 490 quodque

157 513 339 553 clericali
375 513 640 560 charactere,
672 522 760 560 quo
794 513 925 550 antea
960 511 1037 550 rite
1073 511 1265 559 insigniti
1301 511 1491 560 fuerunt,
1535 511 1737 560 illiusque
1772 511 1856 560 pri-

157 582 324 631 vilegiis.
359 583 430 631 uti,
466 593 514 621 ac
551 583 589 619 in
625 582 834 621 omnibus
859 582 988 622 etiam
1016 582 1151 621 sacris
1178 583 1218 621 et
1244 582 1583 632 Presbyteratus
1617 580 1857 621 Ordinibus

157 655 286 693 antea
334 654 411 692 rite
458 655 674 700 susceptis
726 653 853 692 etiam
903 653 942 692 in
992 653 1149 692 Altaris
1196 653 1437 692 ministerio
1485 653 1743 702 ministrare,
1777 663 1854 691 seu

157 723 272 764 dicto
307 724 571 773 charactere,
604 725 674 771 qui
713 724 905 772 insigniti
943 735 1030 763 non
1067 726 1184 773 sunt,
1219 724 1429 773 insigniri,
1462 725 1503 762 et
1527 724 1560 762 si
1586 723 1726 763 idonei
1761 722 1855 762 fue-

157 795 254 844 rint,
286 796 339 833 ad
375 805 531 834 omnes.
565 796 694 833 etiarn
733 794 892 835 Sacros
927 798 968 834 et
1004 793 1341 844 Presbyteratus
1382 792 1572 833 Ordines
1607 794 1855 843 praedictos

157 865 417 915 promoveri.
452 867 494 904 et·
527 876 846 915 quaecumque,
881 869 922 904 et
952 865 1292 915 qualiacumque
1315 863 1530 904 Beneficia
1555 864 1857 904 Ecclesiastica

157 947 253 976 cum
291 946 405 985 cura,
440 942 479 975 et
516 937 611 975 sine
634 947 751 985 cura,
773 936 944 976 etiamsi
969 936 1270 985 canonicatus,
1296 935 1584 985 praebendae,
1608 935 1858 984 dignitates,

156 1004 436 1057 personatus,
455 1007 875 1056 administrationes,
893 1007 958 1047 vel
977 1006 1118 1046 officia
1136 1007 1341 1056 existant,
1357 1006 1448 1046 sive
1468 1007 1502 1046 si
1518 1006 1605 1058 jam
1627 1006 1856 1046 obtineant

156 1078 248 1117 sive
283 1079 315 1117 si
353 1079 413 1117 eis
448 1078 556 1116 alias
592 1079 629 1116 in
669 1078 864 1117 futurum
901 1078 1113 1117 canonice
1148 1077 1443 1127 conferantur,
1477 1078 1679 1127 recipere,
1714 1079 1755 1116 et
1778 1076 1856 1116 ob—

155 1148 305 1198 tinere,
341 1151 381 1187 et
416 1150 561 1198 quoad
598 1150 796 1196 vixerint,
829 1149 1032 1197 retinere3
1069 1159 1144 1187 nec
1182 1159 1268 1187 non
1305 1159 1402 1187 cum
1428 1148 1590 1187 eisdem
1619 1147 1858 1197 Episcopis,

156 1221 202 1259 ut
238 1219 449 1268 Ecclesiis
485 1219 645 1269 quibus
681 1220 891 1259 canonice
915 1221 1140 1268 praesunt,
1176 1230 1253 1258 seu
1281 1218 1484 1269 praefecti
1508 1218 1697 1267 fuerunt,
1732 1229 1856 1267 prae-

155 1300 271 1329 esse:
307 1293 348 1329 et
384 1301 565 1328 munere
600 1290 947 1329 concecrationis
993 1300 1068 1338 per
1114 1300 1190 1328 eos
1239 1292 1369 1329 antea
1414 1290 1492 1328 rite
1540 1292 1748 1338 suscepto
1784 1289 1858 1339 uti,

155 1361 196 1400 et
229 1361 284 1400 ad
319 1360 426 1399 alias
462 1360 623 1399 similes
662 1357 964 1409 Catbedrales,
1009 1360 1075 1399 vel
1123 1360 1252 1399 etiam
1303 1360 1494 1411 majores
1529 1360 1658 1399 etiam
1694 1337 1856 1399 Metro-

155 1432 375 1482 politanas
400 1431 612 1470 Ecclesias
637 1431 876 1481 transferri,
905 1433 946 1470 et
971 1431 1052 1469 illis
1078 1441 1270 1481 praesse,
1294 1431 1436 1480 libere,
1470 1434 1511 1471 et
1536 1431 1647 1471 licite
1672 1431 1858 1480 possint,

156 1505 198 1542 et
232 1503 408 1541 valeant
443 1502 553 1541 dicta
591 1502 852 1541 auctoritate
887 1501 1126 1551 dispenset.

300 1573 543 1621 Ipsis-vero
582 1572 781 1622 Hypatio,
815 1574 857 1612 et
882 1570 1043 1622 Cyrillo
1079 1571 1317 1621 Episcopis,
1351 1574 1392 1611 et
1427 1570 1686 1611 Oratoribus
1719 1572 1856 1611 tacul-

154 1644 304 1692 tatem,
337 1646 378 1682 et
414 1645 679 1691 potestatem
717 1643 931 1692 dedimus,
973 1654 1070 1682 cum
1111 1643 1150 1681 in
1189 1642 1349 1682 Russia
1384 1642 1556 1692 tuerint,
1596 1643 1854 1682 absolvendi

155 1715 305 1754 eadem
345 1720 496 1753 nostra
529 1714 782 1762 Apostolica
817 1714 1082 1754 auctoritate
1117 1714 1269 1753 eodem
1308 1714 1439 1753 modo
1474 1714 1528 1753 ab
1553 1714 1855 1753 excommuni-

156 1785 354 1829 cationis,
398 1786 707 1834 suspensionis
744 1787 783 1824 et
819 1785 1032 1824 interdicti
1081 1784 1326 1833 sententiis,
1371 1785 1583 1833 censuris,
1627 1787 1668 1824 et
1702 1785 1856 1833 poenis

156 1855 410 1896 Michaelem
449 1857 850 1905 Arc'biepiscopum,
896 1858 937 1895 et
972 1858 1142 1895 ceteros
1190 1855 1430 1905 Episcopos
1466 1857 1756 1906 supradictos.
1799 1856 1854 1895 Ac

156 1926 353 1966 similiter
400 1938 497 1965 cum
548 1927 755 1973 praetatis
803 1926 1156 1976 Archiepiscopo,
1202 1930 1243 1966 et
1278 1926 1504 1976 Episcopis
1539 1938 1671 1976 super
1706 1927 1858 1979 hujus-

157 1998 271 2037 modi
308 1998 622 2046 irregularitate
661 1998 1006 2046 praemissorum
1043 1998 1277 2038 occasione
1313 2009 1387 2047 per
1420 1982 1501 2038 eos*
1530 1998 1721 2038 fortasse
1756 2009 1856 2038 con-

155 2069 294 2108 tracta
329 2069 630 2117 dispensandi.
666 2072 721 2108 Ac
748 2069 940 2118 insuper„
963 2071 1010 2108 ut
1035 2069 1160 2108 iidem
1189 2069 1566 2119 Archiepiscopus,
1591 2075 1631 2110 et
1656 2069 1854 2119 Episcopi

156 2140 392 2188 supradicti
429 2140 490 2178 sic,
524 2139 729 2189 absoluti,
762 2142 803 2179 et
838 2151 934 2179 cum
971 2140 1145 2190 quibus,
1179 2142 1226 2179 ut
1261 2140 1493 2190 praefatur,
1524 2140 1653 2180 tuerit
1676 2141 1855 2190 dispen-

158 2211 317 2257 satum,
352 2212 661 2271 unusquisque
699 2211 737 2249 in
774 2209 952 2260 Propria
988 2209 1187 2259 Civitate‚
1233 2213 1274 2250 et
1320 2210 1528 2260 Dioecesi,
1574 2212 1639 2250 vel
1687 2212 1726 2250 in
1775 2223 1856 2251 sua

156 2279 458 2332 jurisdictione
486 2291 653 2325 omnes„
678 2284 718 2320 et
741 2282 943 2330 singulos
967 2285 1055 2321 tam
1084 2280 1384 2331 Presbyteros,
1417 2284 1459 2321 et
1484 2279 1688 2331 Ciericos,
1722 2293 1853 2332 quam

157 2351 265 2390 alias
309 2362 614 2401 quascumque
667 2352 796 2391 etiam
848 2352 980 2392 laicas
1031 2353 1261 2402 utriusque
1311 2363 1445 2392 sexus
1495 2364 1722 2402 personas.
1771 2353 1856 2403 qui,

157 2432 326 2472 quaeve
359 2423 414 2461 ad
450 2423 702 2462 huiusmodi
738 2424 950 2463 unitatem
988 2423 1028 2464 S.
1055 2423 1100 2462 R.
1126 2423 1165 2462 Ε.
1198 2424 1398 2462 venerint
1431 2424 1498 2463 vel
1534 2435 1628 2463 eam
1665 2424 1854 2473 amplexi

155 2491 330 2539 tuerint,
364 2493 402 2531 in
429 2495 646 2541 praedicta
672 2494 811 2533 iorma
848 2493 1065 2533 Ecclesiae
1099 2494 1341 2540 absolvere,
1376 2505 1454 2533 nec
1490 2505 1576 2534 non
1606 2506 1703 2534 cum
1730 2495 1855 2534 Pres-

156 2562 331 2613 byteris.
370 2569 408 2602 et
447 2564 613 2603 clericis
638 2565 869 2612 praedictis
895 2576 1027 2614 super
1052 2565 1367 2613 irregularitate
1390 2576 1465 2615 per
1487 2576 1576 2615 eos,
1610 2566 1675 2604 vel
1701 2576 1849 2604 eorum

156 2633 346 2683 aliquem
384 2636 616 2674 occasione
653 2636 999 2682 praemissorum
1040 2636 1369 2685 quemodolibet
1403 2639 1671 2676 contractam
1709 2636 1854 2686 quoad

157 2702 370 2743 Ordinum
407 2707 764 2756 exequutionem,
798 2717 929 2757 quam
966 2717 1349 2757 quorumcumque
1374 2707 1683 2746 beneficiorum
1713 2707 1852 2746 Eccle-

157 2774 435 2814 siasticorum
470 2778 760 2816 retentionem
786 2778 854 2816 vel
877 2778 1242 2827 assequutionem
1279 2778 1538 2827 dispensare
1568 2778 1855 2826 paritormiter

157 2846 308 2884 eadem
332 2848 489 2886 'nostra
513 2849 787 2897 auctoritate,
820 2849 1008 2898 possint,
1042 2849 1416 2898 quemadmodum
1442 2849 1570 2887 etiarn
1600 2849 1695 2887 aliis
1721 2848 1853 2887 literis

158 2914 329 2954 Nostris
363 2916 402 2954 in
437 2917 574 2956 torma
613 2917 761 2957 Brevis
797 2919 927 2971 latius
961 2919 1222 2959 continetur.
