2181 3305
913 1005 940 1051 Ι.

51 1119 61 1149 ι’
76 1144 329 1186 Professio
361 1144 474 1186 fidei
502 1144 776 1186 Praesulum
799 1144 1120 1185 Ruthenorum
1144 1144 1334 1185 nomine
1358 1144 1544 1196 Hypatii
1568 1144 1785 1197 Episcopi

8 1219 11 1231 ἵ
55 1215 61 1218 ’
86 1214 362 1259 Brestensis
394 1215 569 1257 Romae
604 1215 833 1256 Clementi
870 1214 959 1256 vlll
992 1215 1133 1255 facta.
1184 1216 1308 1265 (Vide
1356 1216 1647 1256 Monumenta
1687 1216 1786 1256 hist.

386 1287 604 1336 Poloniae,
637 1286 854 1335 Theineri‚
889 1289 979 1326 tom
1018 1286 1076 1335 lll,
1112 1297 1206 1336 pag.
1242 1287 1503 1336 238—245).

375 1496 674 1538 Sanctissime
705 1508 760 1537 ἃς
791 1497 1059 1538 Βεᾶΐίεείῐηε
1091 1497 1247 1538 Patet!

233 1567 349 1617 »Ego
384 1568 562 1608 humilis
597 1568 812 1619 Hypatius
842 1569 984 1620 Pociej
1015 1568 1090 1608 Dei
1113 1569 1255 1617 gratia
1282 1569 1619 1608 Protothronius
1654 1568 1786 1608 Volo-

11 1645 38 1686 ,“
77 1639 353 1679 -dimiriensis
387 1641 429 1679 et
463 1639 713 1679 Brestensis
749 1639 992 1689 Episcopus
1027 1640 1068 1678 in
1101 1639 1276 1692 Russia,
1312 1639 1504 1679 nationis
1538 1639 1783 1678 Russorum

46 1718 50 1720 ·
79 1720 169 1749 seu
205 1709 527 1760 Ruthenorum,
561 1721 679 1749 unus
702 1721 754 1749 ex
779 1711 1140 1760 procuratoribus
1175 1711 1512 1750 leverendorum
1543 1710 1582 1749 in
1608 1708 1786 1749 Christo

40 1835 42 1839 ι
86 1782 262 1830 patrum
310 1781 591 1820 dominorum
641 1780 940 1821 Praelatorum
983 1781 1181 1832 ejusdem
1219 1781 1412 1820 nationis
1445 1780 1660 1820 videlicet:
1707 1779 1786 1818 ΜΙ-

11 1840 14 1859 “
38 1902 42 1906 .
78 1850 253 1890 chaelis
277 1851 457 1891 Rahosa
481 1851 804 1901 Archiepiscopi
839 1851 1144 1901 Metropolitae
1179 1851 1425 1891 Kioviensis
1454 1854 1495 1890 et
1520 1850 1788 1899 l-laliciensis,

79 1932 138 1961 .ac
171 1921 310 1962 totius
346 1921 546 1971 Russiae,
586 1924 628 1962 et
662 1921 861 1971 Gregorii
896 1922 1221 1972 Archiepiscopi
1257 1922 1541 1970 denominati,
1588 1921 1708 1960 electi
1743 1921 1784 1960 in

30 2002 34 2011 ·
82 1990 350 2042 Episcopum
389 1992 675 2032 Polocensem
713 1995 755 2032 et
790 1992 1138 2042 Vitebscensem,
1173 1995 1214 2032 et
1248 1992 1390 2032 jonae
1425 1992 1562 2032 l-lobol
1598 1991 1718 2031 electi
1744 1991 1784 2030 in

48 2115 52 2117 μ
82 2061 353 2113 Episcopum
390 2063 674 2103 Pinscensem
711 2067 753 2104 et
787 2063 1120 2113 Turoviensem,
1153 2066 1195 2103 et
1229 2063 1452 2102 Michaelis
1487 2062 1786 2112 Kopestynski

51 2179 54 2183 ,
82 2132 289 2184 Episcopi
324 2133 678 2174 Praemisliensis
712 2137 754 2174 et
788 2134 1127 2183 SamboriensiS‚
1160 2136 1202 2174 et
1226 2133 1448 2173 Gedeonis
1472 2133 1662 2172 Balaban
1690 2132 1786 2182 Epi-

42 2191 209 2263 'scopi
246 2203 560 2254 Leopoliensis,
596 2208 637 2244 et
673 2204 869 2255 Dionysii
903 2204 1123 2244 Zbiruiski
1160 2204 1358 2254 Episcopi
1406 2202 1697 2252 Chelmensis,
1731 2203 1785 2242 ab

48 2274 151 2315 ··eis
185 2275 434 2324 specialiter
467 2276 739 2315 constitutus
773 2279 815 2316 et
851 2277 1016 2315 missus
1044 2287 1133 2315 una
1156 2287 1252 2315 cum
1278 2275 1516 2314 reverendo
1542 2275 1581 2313 in
1609 2273 1786 2314 Christo

35 2355 51 2363 ”
85 2344 218 2393 :Patre
250 2346 432 2385 domino
478 2343 639 2396 Cyrillo
674 2345 884 2386 'Terlecki
927 2346 1122 2386 Exercba
1169 2346 1384 2396 Episcopo
1432 2345 1709 2385 Luceoriensi
1743 2346 1787 2384 et

53 2412 363 2456 [Οεῒιόεἰεηεῑ
409 2416 608 2468 ejusdem
658 2417 862 2467 nationis,
907 2418 1044 2456 altero
1079 2408 1132 2456 ex
1167 2416 1526 2466 procuratoribus
1569 2416 1783 2455 dictorum

55 2491 66 2502 '‘
82 2484 368 2529 dominorum
417 2487 732 2536 Praelatorum,
766 2490 807 2527 et
841 2488 1008 2535 collega
1055 2498 1150 2526 meo
1199 2488 1253 2526 ad
1299 2487 1534 2527 ineundam
1571 2488 1612 2525 et
1645 2485 1786 2525 susci-

48 2580 49 2584 =
85 2556 293 2606 piendam
342 2558 552 2597 unionem
588 2556 846 2598 Sanctitatis
881 2561 1056 2597 vestrae
1090 2562 1132 2598 et
1166 2559 1346 2598 sanctae
1381 2557 1608 2596 Romanae
1643 2555 1785 2595 Eccle-

85 2627 194 2683 siae,
228 2629 361 2679 atque
396 2629 448 2668 ad
483 2628 762 2668 deferendam
798 2629 989 2668 debitam
1026 2628 1319 2668 obedientiam
1356 2628 1550 2676 ipsorum
1586 2627 1783 2666 omnium

51 2697 135 2738 fet
164 2698 302 2739 totius
348 2699 636 2739 Ecclesiastici
683 2710 834 2739 eorum
882 2701 1028 2739 status
1075 2701 1117 2738 et
1162 2699 1307 2738 ovium
1350 2698 1412 2737 eis
1446 2697 1783 2737 commissarum

90 2768 270 2823 nornine
293 2769 359 2810 liic
383 2772 566 2810 sanctae
592 2769 691 2810 Sedi
718 2770 830 2810 beati
856 2769 967 2809 Petri
992 2771 1034 2809 et
1057 2767 1285 2809 Sanctitati
1320 2770 1494 2808 vestrae
1523 2768 1583 2807 uti
1609 2777 1785 2806 summo

22 2836 257 2890 ..ῌΒΐοῑί
291 2841 554 2881 universalis
589 2841 819 2890 Ecclesiae,
853 2841 906 2880 ad
937 2840 1075 2880 Pedes
1109 2839 1306 2891 ejusdem
1332 2838 1588 2879 Sanctitatis
1612 2840 1785 2877 vestrae

22 2904 282 2966 &positus
328 2922 376 2951 ac
422 2912 745 2962 infrascrIptam
794 2915 975 2951 sanctae
1014 2909 1299 2950 Orthodoxae
1331 2909 1428 2948 fidei
1464 2907 1784 2958 professionem

59 2978 234 3040 37⁴ju3ta'
267 2981 452 3022 formam
509 2982 690 3023 Graecis
744 2983 799 3022 ad
851 2982 1064 3021 unitatem
1129 2981 1270 3020 dictae
1322 2981 1502 3019 sanctae
1558 2978 1786 3017 Romanae
