2181 3305
1101 193 1361 232 —320—

395 331 611 370 Ecclesiae
660 332 945 371 redeuntibus
995 334 1306 382 praescriptam
1358 333 1554 373 facturus
1601 337 1641 373 et
1689 335 1948 383 emissurus,
1994 338 2090 375 tam-

394 403 693 450 procuratorio
745 403 920 442 nomine
970 404 1289 451 praedictorum
1341 405 1620 443 dominorum
1667 404 1989 454 Archiepiscopi
2044 408 2087 445 et

395 471 706 520 Episcoporum
745 472 1049 512 Rutbenorum
1089 485 1283 513 meorum
1321 476 1636 524 principalium,
1670 486 1800 524 quam
1833 475 1960 514 etiam
1987 486 2085 515 meo

394 542 583 594 proprio,
631 543 758 581 simul
807 555 903 582 cum
953 544 1174 592 praedicto
1221 545 1399 584 domino
1448 544 1607 595 Cyriilo
1644 544 1838 583 Exarcba
1872 544 2094 596 Episcopo-

395 612 672 652 Luceoriensi
709 616 749 652 et
785 612 1054 653 Ostrosiensi
1091 617 1372 663 procuratore
1397 618 1437 654 et
1461 616 1625 662 collega
1662 626 1773 664 meo,
1809 616 2013 664 polliceor
2043 619 2084 655 et

393 684 612 732 promitt0,
645 685 761 733 quod
798 685 876 733 ipsi
912 685 1072 724 domini
1109 685 1473 734 Arcbiepiscopus
1498 688 1539 725 et
1565 685 1761 735 Episcopi
1797 686 1910 724 illam
1947 691 2084 726 ratam

393 757 435 792 et
465 756 633 800 gratam
672 754 911 800 habebunt,
948 766 996 794 ac
1031 756 1273 804 suscipient
1298 758 1338 794 et
1360 756 1667 804 acceptabunt‚
1704 758 1745 795 et
1775 756 1885 795 intra
1908 759 2094 806 tempus

392 826 649 872 competens
684 825 963 864 ratificabunt
997 828 1037 865 et
1072 825 1410 875 confirmabunt,
1444 828 1575 875 atque
1599 827 1651 865 de
1676 837 1790 865 novo
1811 826 1934 877 juxta
1959 837 2088 876 prae-

392 894 550 933 dictam
587 894 768 934 formam
806 896 859 935 de
892 896 1022 936 verbo
1046 897 1098 936 ad
1123 896 1303 935 verbum
1329 896 1503 944 facient,
1537 900 1579 936 et
1612 898 1826 944 emittent,
1861 900 1902 935 et
1933 907 2090 936 eorum>

394 975 526 1003 manu
573 965 866 1015 subscriptam
904 969 944 1006 et
979 967 1119 1015 sigillo
1166 967 1445 1015 obsignatam
1481 967 1535 1006 ad
1570 966 1855 1006 Sanctitatem
1891 970 2084 1006 vestram

394 1038 436 1074 et
471 1035 582 1074 banc
617 1043 815 1076 sanctam
852 1038 1147 1087 Apostolicam
1175 1037 1332 1078 Sedem
1359 1038 1677 1089 transmittent,
1713 1041 1841 1087 prout
1870 1037 2087 1087 sequitur:

535 1106 675 1146 Firma
709 1107 792 1147 fide
821 1108 949 1147 credo
974 1111 1015 1148 et
1041 1108 1248 1158 profiteor
1271 1108 1419 1147 omnia
1443 1109 1484 1147 et
1508 1108 1696 1158 singula,
1719 1118 1831 1158 quae
1855 1106 2087 1147 continen—

391 1177 462 1214 tur
495 1176 535 1214 in
571 1176 781 1226 Symbolo
815 1178 927 1228 fidei,
961 1189 1048 1229 quo
1072 1180 1226 1218 sancta
1251 1178 1451 1217 Romana
1475 1178 1664 1217 Ecclesia
1687 1178 1838 1226 utitur,
1870 1177 2085 1218 videlicet:

535 1245 675 1286 Credo
712 1248 750 1287 in
788 1260 923 1287 unum
961 1249 1098 1288 Deum
1134 1249 1308 1288 Patrem
1336 1249 1699 1297 omnipotentem,
1733 1248 1940 1288 factorem
1977 1247 2086 1288 coeli

392 1318 434 1356 et
457 1319 610 1366 terrae,
646 1319 877 1358 visibilium
914 1320 1107 1358 omnium
1144 1321 1185 1358 et
1220 1319 1513 1358 invisibilium.
1548 1319 1595 1358 Et
1620 1320 1658 1358 in
1685 1330 1820 1357 unum
1849 1318 2082 1357 Dominum

391 1386 546 1426 „lesum
574 1388 811 1438 Christum,
848 1390 996 1428 Filium
1034 1390 1108 1429 Dei
1144 1390 1431 1437 unigenitum.
1467 1389 1515 1428 Et
1549 1400 1601 1427 ex
1635 1389 1762 1428 Patre
1796 1391 1946 1427 natum
1982 1390 2094 1428 ante

392 1459 541 1497 omnia
575 1460 763 1499 saecula.
798 1460 934 1498 Deum
971 1461 1024 1499 de
1060 1460 1162 1507 Deo,
1197 1461 1343 1499 lumen
1379 1461 1430 1499 de
1463 1460 1638 1508 lumine,
1673 1459 1810 1498 Deum
1846 1469 1996 1498 verum
2032 1459 2087 1498 de

392 1528 445 1566 de
480 1529 570 1568 Deo
605 1541 719 1582 vero.
783 1529 1008 1580 Genitum,
1045 1541 1130 1570 non
1166 1530 1343 1578 factum,
1367 1520 1809 1569 'consubstantialem
1846 1529 1977 1568 Patri:
2010 1539 2095 1578 per

391 1609 522 1648 quem
560 1601 707 1640 omnia
741 1601 855 1641 facta
889 1604 1005 1641 sunt.
1039 1601 1121 1648 Qui
1158 1603 1333 1651 propter
1359 1611 1441 1640 nos
1466 1600 1682 1649 homines,
1719 1602 1761 1640 et
1795 1601 1971 1649 propter
2005 1610 2085 1639 no-

392 1671 528 1708 stram
574 1671 761 1710 salutem
809 1672 1036 1711 descendit
1070 1672 1121 1711 de
1155 1672 1299 1711 coeliS.
1365 1671 1412 1710 Et
1447 1672 1702 1710 incarnatus
1736 1673 1803 1710 est
1835 1671 1888 1710 de
1921 1669 2091 1720 Spiritu

392 1743 547 1780 sancto
582 1753 633 1781 ex
669 1742 803 1782 Nlaria
838 1743 1024 1793 Virgine,
1059 1745 1100 1782 et
1124 1742 1256 1781 homo
1280 1742 1423 1781 factus
1448 1743 1526 1781 est.
1561 1739 1808 1780 Crucifixus
1842 1740 1970 1780 etiam
2006 1750 2093 1790 proi

393 1811 537 1850 nobis:
562 1812 644 1851 sub
672 1812 826 1853 Pontio
851 1814 987 1853 Pilato
1013 1825 1187 1863 passus,
1216 1816 1257 1852 et
1283 1813 1485 1862 sepultus
1510 1815 1587 1852 est.
1623 1811 1671 1851 Et
1695 1811 1934 1851 resurrexit
1955 1810 2088 1850 tertia

391 1882 459 1920 die
494 1884 735 1922 secundum
774 1884 1033 1934 Scripturas.
1074 1884 1121 1924 Et
1155 1884 1355 1923 ascendit
1390 1883 1441 1940 in'
1466 1883 1655 1922 coelum:
1691 1882 1813 1921 sedet
1846 1882 1900 1921 ad
1933 1881 2091 1921 dexte-v

392 1963 482 1991 ram
521 1953 671 1993 Patris.
719 1954 766 1994 Et
802 1955 954 1994 iterum
990 1956 1206 1994 venturus
1240 1956 1307 1993 est
1341 1964 1438 1992 cum
1474 1953 1612 2001 gloria
1645 1953 1838 2004 judicare
1870 1951 2009 2001 vivos,
2043 1953 2086 1991 et

394 2025 610 2064 mortuos:
645 2024 772 2076 cujus
807 2026 925 2074 regni
962 2037 1047 2065 non
1085 2026 1163 2065 erit
1196 2025 1307 2064 finis.
1354 2025 1401 2064 Et
1436 2025 1475 2063 in
1512 2023 1719 2073 Spiritum
1755 2024 1959 2062 sanctum
1996 2021 2085 2062 Do-

393 2094 574 2144 minum,
608 2097 649 2135 et
682 2096 993 2136 vivificantem:
1028 2097 1099 2147 qui
1136 2107 1187 2135 ex
1223 2096 1364 2143 Patre,
1401 2095 1595 2145 Filioque
1629 2094 1834 2144 procedit.
1867 2092 1949 2141 Qui
1984 2103 2082 2132 cum

393 2164 532 2213 Patre,
567 2169 609 2206 et
644 2166 746 2206 Filio
780 2168 909 2206 simul
945 2168 1164 2216 adoratur,
1199 2169 1241 2206 et
1275 2165 1644 2215 conglorificatur:
1689 2164 1761 2215 qui
1808 2164 1984 2204 locutus
2017 2163 2091 2203 est

392 2247 467 2284 per
503 2236 757 2286 Prophetas.
792 2237 839 2278 Et
863 2249 993 2277 unam
1019 2239 1217 2276 sanctam
1245 2235 1517 2276 Catholicam
1544 2237 1584 2275 et
1607 2234 1903 2284 Apostolicam
1939 2233 2090 2273 Eccle-

393 2307 515 2346 siam.
551 2307 774 2348 Confiteor
796 2320 932 2347 unum
961 2308 1180 2357 baptisma
1204 2308 1242 2346 in
1270 2307 1574 2346 remissionem
1612 2307 1905 2355 peccatorum.
1939 2303 1989 2344 Et
2013 2314 2085 2343 ex-

394 2381 519 2426 pecto
554 2380 920 2418 ressurectionem
949 2381 1234 2418 mortuorum.
1269 2377 1317 2417 Et
1351 2378 1483 2416 vitam
1519 2376 1691 2416 venturi
1727 2374 1902 2415 saeculi.
1935 2375 2091 2414 Amen.

536 2446 676 2488 Credo
712 2450 853 2500 etiam,
887 2449 1094 2498 suscipio,
1127 2450 1259 2498 atque
1293 2448 1500 2497 profiteor
1533 2457 1583 2486 ea
1617 2446 1777 2494 omnia,
1812 2455 1925 2495 quae
1958 2453 2086 2484 sacra

393 2517 689 2559 Oecumenica
713 2520 921 2571 Synodus
946 2519 1195 2559 Florentina
1219 2530 1351 2568 super
1376 2519 1537 2558 unione
1557 2516 1852 2557 Occidentalis
1869 2517 1910 2555 et
1928 2513 2090 2554 Orien-
2171 2521 2181 2528 ’

392 2587 494 2628 talis
520 2589 710 2629 Ecclesia
733 2590 928 2630 definivit
952 2594 992 2630 et
1015 2589 1263 2638 declaravit,
1297 2588 1513 2636 videlicet;
1547 2587 1664 2637 quod
1690 2586 1877 2635 Spiritus
1900 2586 2093 2624 sanctus.

393 2671 418 2699 a
452 2661 579 2701 Patre
614 2664 654 2701 et
690 2662 792 2701 Filio
827 2662 1084 2701 aetenaliter
1106 2663 1185 2710 est,
1219 2663 1259 2699 et
1294 2659 1532 2699 essentiam
1566 2668 1694 2697 suam
1731 2665 1951 2705 suumque
1985 2664 2093 2694 esse
2171 2647 2181 2684 2

393 2731 646 2771 subsistens
682 2732 812 2771 babet
846 2744 897 2771 ex
934 2732 1063 2771 Patre
1097 2731 1226 2771 simul
1262 2733 1302 2770 et
1338 2729 1458 2768 Filio:
1500 2730 1541 2768 et
1575 2738 1627 2766 ex
1661 2728 1848 2776 utroque
1881 2727 2083 2765 aeterna·
2155 2779 2157 2782 .

393 2801 499 2848 liter,
535 2805 760 2852 tamquam
798 2813 849 2841 ex
878 2813 967 2841 uno
992 2802 1214 2851 principio,
1251 2803 1291 2840 et
1316 2800 1444 2839 unica
1469 2798 1707 2848 spiratione
1731 2795 1936 2846 procedit.
1970 2793 2088 2835 Cum·

394 2872 595 2922 idouod
642 2873 780 2912 sancti
828 2873 1040 2912 Doctores
1086 2876 1126 2911 et
1175 2871 1326 2911 Patres
1367 2871 1529 2916 dicunt,
1575 2879 1627 2907 ex
1662 2867 1788 2906 Patre
1823 2877 1896 2915 per
1929 2865 2089 2905 Filium·

394 2944 627 2991 procedere
663 2942 868 2993 Spiritum
906 2946 1122 2991 sanctum,
1157 2942 1210 2981 ad
1246 2941 1356 2980 hanc
1383 2938 1712 2988 intelligentiam
1739 2937 1904 2984 tendat,
1938 2937 1986 2975 ut
2009 2945 2085 2984 per

394 3013 476 3053 hoc
511 3014 781 3062 significetur
817 3014 965 3052 Filium
1001 3023 1177 3063 quoque
1213 3022 1326 3059 esse,
1373 3010 1616 3050 secundum
1665 3007 1861 3048 Graecos
1905 3005 2088 3056 quidem
2151 3023 2158 3030 ·
