2181 3305
1093 169 1356 209 —326—

380 312 587 363 Cyrillum
639 311 878 350 Exarcham
935 309 1195 359 Episcopum
1251 308 1585 348 Luceoriensem
1637 310 1678 346 et
1727 305 2070 358 Ostrosiensem,

379 385 658 433 praestantes
691 382 808 421 viros
843 384 883 420 et
917 382 1009 419 zelo
1037 380 1113 420 Dei
1137 378 1371 429 praeditos,
1403 378 1474 429 qui
1511 389 1607 417 cum
1645 378 1828 417 Romam
1865 377 2069 417 advenis·
2098 372 2102 375 ’

379 455 490 502 sent,
535 439 685 492 secum
733 452 954 490 decretum
1004 450 1107 489 illud
1153 450 1418 497 detulerunt,
1463 449 1515 488 de
1561 459 1649 498 quo
1696 459 1829 497 supra
1866 448 2071 498 diximus,

379 522 603 562 Michaelis
636 522 974 570 Archiepiscopi,
1008 523 1049 559 et
1074 520 1387 569 Metropolitae,
1421 522 1462 558 et
1487 530 1579 567 sua,
1613 521 1653 557 et
1675 519 1857 557 aliorum
1893 516 2070 566 Episco—

379 604 548 643 porum,
581 593 651 642 qui
688 592 892 640 superius
921 591 1162 630 enumerati
1189 592 1305 639 sunt,
1339 600 1471 628 manu
1496 589 1806 638 subscriptum.
1842 587 1889 627 Et
1923 588 2071 627 literas

378 666 605 713 praeterea
639 663 691 701 ad
729 663 816 701 Nos
852 662 1039 710 scriptas
1073 661 1327 708 attulerunt,
1361 660 1492 699 datus
1526 670 1577 699 ex
1610 659 1762 707 Regno
1788 657 2007 707 Poloniae,
2026 660 2071 697 et

379 733 540 781 Magno
576 733 746 772 Ducatu
785 732 1045 771 Lithuaniae
1079 731 1148 770 die
1183 731 1247 770 12.
1282 730 1400 769 „lunii
1435 740 1552 769 anno
1589 729 1759 768 Domini
1789 729 1913 769 1595.
1945 728 2071 780 juxta

379 803 687 843 Kalendarium
742 805 882 851 vetus,
935 802 1096 851 quibus
1146 801 1406 850 infrascripti
1458 799 1656 849 Episcopi
1704 799 2073 848 subscripserant,

379 873 560 913 Michael
607 873 971 922 Archiepiscopus
1017 870 1296 921 Metropolita
1345 870 1600 919 Kioviensis‚
1645 872 1686 909 et
1722 868 1990 918 Haliciensis‚
2021 879 2070 909 ac

376 945 516 983 totius
564 943 749 982 Russiae
796 942 1011 992 Hypatius
1059 941 1398 980 protothronius
1433 940 1674 990 Episcopus
1707 938 2072 979 Wlodimiriensis

377 1017 419 1054 et
455 1013 715 1063 Brestensis,
761 1012 950 1063 Cyrillus
986 1012 1180 1051 Exarcha
1215 1011 1459 1070 Episcopus
1502 1010 1807 1050 Luceoriensis
1841 1012 1882 1049 et
1915 1008 2071 1050 Ostro-

378 1085 550 1131 siensis,
584 1083 826 1132 Gregorius
861 1084 1116 1122 nominatus
1151 1082 1516 1137 Archiepiscopus
1552 1082 1717 1120 electus
1741 1081 1780 1120 in
1808 1079 2068 1130 Episcopum

381 1155 681 1204 Polocensem‚
726 1157 767 1194 et
814 1154 1158 1202 Vitebscensern,
1206 1152 1417 1192 Leontius
1464 1151 1708 1201 Episcopus
1744 1150 1996 1190 Pinscensis
2028 1152 2072 1190 et

378 1225 667 1265 Turoviensis
703 1227 856 1274 postea
891 1224 1139 1273 defunctus,
1173 1223 1354 1262 Michael
1390 1222 1633 1272 Episcopus
1665 1221 1996 1270 Premisliensis‚
2028 1223 2071 1260 et

380 1295 716 1341 Samboriensis,
763 1293 942 1334 Gedeon
980 1293 1224 1342 Episcopus
1260 1293 1574 1342 Leopoliensis,
1621 1292 1860 1342 Dionysius
1894 1290 2072 1340 Episco-

380 1378 464 1416 pus
499 1365 791 1414 Chelmensis‚
824 1367 865 1404 et
900 1365 1140 1404 novissime
1187 1364 1327 1402 Jonas
1373 1363 1724 1402 Archimandrita
1770 1361 2073 1411 Kobrinensis,

379 1438 546 1476 electus
580 1436 864 1485 postmodum
891 1436 929 1473 in
956 1434 1218 1483 Episcopum
1246 1434 1541 1482 Pinscensem‚
1566 1435 1607 1472 et
1631 1432 1949 1472 Turoviensem
1974 1433 2070 1472 loco

380 1507 586 1557 praedicti
624 1506 789 1545 Leontii
826 1505 1037 1554 Episcopi,
1071 1507 1118 1543 ut
1153 1504 1385 1553 praefatur,
1418 1503 1622 1542 defuncti.
1783 1498 1787 1499 ⁷

521 1575 630 1616 Cum
668 1576 796 1625 igitur
829 1576 916 1614 duo
951 1575 1188 1624 supradicti
1226 1574 1423 1624 Episcopi
1460 1576 1501 1613 et
1535 1572 1745 1613 Oratores
1781 1572 1994 1622 Hypatius
2028 1574 2101 1621 et,

380 1647 569 1698 Cyrillus
615 1647 801 1694 benigne
841 1657 864 1684 a
900 1631 1032 1684 Nobis
1073 1645 1113 1684 in
1154 1646 1440 1693 conspectum
1478 1647 1519 1683 et
1553 1643 1818 1693 colloquium
1867 1644 2067 1682 nostrum

379 1704 529 1758 essent
571 1717 764 1766 admissi,
799 1727 963 1766 easque
997 1716 1144 1755 literas
1177 1716 1229 1754 ab
1265 1715 1372 1764 ipsis
1407 1725 1582 1765 quoque
1629 1714 1902 1763 subscriptas
1937 1713 2072 1753 Nobis

379 1788 683 1837 reddidissent,
730 1787 932 1826 Nostram
969 1789 1104 1836 atque
1139 1785 1416 1835 Apostolicae
1463 1784 1588 1825 Sedis
1632 1784 1815 1832 gratiam
1852 1783 2072 1823 humiliter

380 1859 610 1908 petierunt,
659 1868 795 1907 seque
845 1858 957 1896 intra
1004 1857 1217 1904 gremium
1273 1855 1525 1896 Catholicae
1579 1854 1805 1893 Romanae
1853 1853 2071 1893 Ecclesiae

379 1930 520 1978 recipi,
554 1930 594 1968 et
628 1931 838 1977 tanquam
877 1927 1071 1966 membra
1107 1927 1260 1965 iterum
1297 1925 1422 1975 capiti
1453 1925 1562 1964 uniri
1586 1924 1902 1974 supplicarunt,
1935 1923 2071 1963 salvis

379 2010 529 2039 eorum
567 1999 731 2047 ritibus,
765 2000 805 2037 et
841 1997 1127 2036 caeremoniis
1153 1997 1191 2035 in
1219 1996 1385 2035 Divinis
1408 1994 1585 2045 Officiis,
1621 1997 1661 2033 et
1684 1994 2067 2035 Sacramentorum

379 2070 772 2118 administratione,
818 2071 859 2107 et
904 2068 1013 2107 alias
1057 2068 1183 2119 juxta
1229 2067 1436 2105 unionem
1487 2065 1746 2105 celebratam
1793 2066 1832 2104 in
1875 2062 2070 2115 Concilio

380 2140 630 2180 Florentino
656 2140 764 2178 inter
789 2137 1129 2187 Occidentalem‚
1165 2140 1206 2176 et
1228 2136 1494 2176 Orientalem
1521 2135 1790 2175 Graecorum
1817 2134 2070 2174 Ecclesiam:

380 2211 572 2250 vicissim
631 2210 885 2249 obtulerunt
932 2220 978 2247 se
1028 2210 1206 2257 paratos
1256 2218 1413 2246 omnes
1467 2207 1685 2255 haereses,
1736 2208 1777 2245 et
1829 2205 2071 2245 schismata

380 2283 603 2330 damnare,
635 2291 879 2331 omnesque
913 2290 1081 2318 errores
1115 2278 1334 2328 detestari,
1379 2288 1493 2328 quos
1527 2277 1720 2326 damnat,
1753 2278 1794 2315 et
1826 2276 2072 2316 detestatur

381 2351 542 2391 Sancta
589 2349 815 2391 Catholica
863 2350 1061 2389 Romana
1109 2348 1310 2398 Ecclesia,
1358 2350 1399 2387 et
1445 2358 1521 2387 eos
1568 2346 1836 2396 praesertim,
1881 2344 2068 2396 quorum

380 2433 514 2461 causa
559 2422 775 2461 hactenus
809 2421 863 2460 ab
898 2421 1048 2460 eadem
1100 2420 1299 2458 Romana
1341 2418 1530 2458 Ecclesia
1564 2417 1753 2467 separati
1788 2419 1830 2456 et
1862 2414 2069 2467 disjuncti

379 2492 551 2542 fuerint,
595 2495 686 2531 tum
735 2491 862 2531 etiam
912 2491 1024 2529 Fidei
1072 2489 1324 2530 Catholicae
1372 2488 1689 2538 professionem
1725 2487 1803 2526 rite
1835 2486 1988 2535 facere,
2020 2496 2070 2525 ac

382 2563 515 2602 Nobis
560 2563 747 2612 denique
794 2562 853 2600 uti
900 2571 1003 2600 vero
1050 2559 1210 2600 Christi
1259 2559 1441 2608 vicario,
1487 2562 1526 2598 et
1567 2558 1753 2598 Sanctae
1792 2556 2071 2606 Apostolicae

381 2632 478 2673 Sedi
515 2633 821 2681 obedientiam,
855 2634 895 2670 et
930 2630 1252 2681 subjectionem
1288 2629 1477 2668 debitam
1515 2631 1750 2678 praestare.
1784 2628 1825 2665 et
1858 2629 2071 2675 perpetuo

382 2703 610 2752 spondere.
644 2703 894 2742 Attulerunt
929 2702 1055 2740 iidem
1094 2700 1292 2749 Episcopi
1329 2703 1552 2749 praeterea
1585 2699 1638 2738 ad
1665 2697 1752 2736 Nos
1787 2697 1933 2736 literas
1965 2696 2069 2736 cha-

381 2773 539 2813 rissimi
587 2773 625 2812 in
676 2770 852 2812 Christo
899 2772 985 2810 Filii
1036 2771 1178 2810 Nostri
1224 2770 1493 2819 Sigismundi
1543 2768 1758 2817 Poloniae,
1803 2770 1844 2807 et
1889 2766 2072 2807 Sveciae

383 2844 526 2891 Regis,
560 2843 632 2893 qui
658 2846 704 2882 ut
729 2845 795 2881 est
820 2842 992 2889 egregie
1015 2841 1125 2890 pius,
1159 2843 1198 2879 et
1222 2839 1474 2880 Catholicae
1501 2838 1737 2886 Religionis
1760 2836 2069 2887 propagandae

382 2914 579 2962 cupidus,
624 2913 814 2951 salutare
861 2912 940 2950 hoc
978 2911 1198 2959 negotium
1235 2911 1287 2949 de
1323 2908 1538 2948 Ruthenis
1572 2908 1625 2947 ad
1660 2906 2101 2955 reconciliationem,

381 2986 422 3023 et
446 2983 656 3022 unitatem
684 2980 936 3023 Catholicae
962 2980 1177 3020 Ecclesiae
1200 2978 1457 3028 recipiendis
1483 2988 1748 3027 magnopere
1783 2976 1916 3016 Nobis
1949 2985 2070 3015 com—
