2181 3305
0 2110 26 2295 ¹4⁴:=*-.³4x,ur⁴·.
0 1986 25 2091 f„
0 1850 22 1910 ·...-„¹„·,
0 1786 24 1818 a:
22 1761 26 1768 ,
6 1714 25 1732 χ
0 1647 25 1678 ,“
2 1600 7 1610 ·’
10 1511 25 1570 -..
0 1335 25 1434 *fusa
0 1204 6 1213 ⁴

856 156 1119 196 —329—

139 307 360 346 scensem,
409 298 452 336 et
499 294 832 345 Turoviensem,
885 300 927 336 et
983 296 1236 337 Michaelem
1289 297 1586 348 Kopystenski
1639 298 1834 347 Episcopi

142 367 477 415 Premisliensis,
527 368 568 406 et
616 366 956 415 Samboriensis‚
1010 372 1051 407 et
1100 367 1324 408 Gedeonis
1377 368 1584 417 Balaban‚
1639 368 1835 418 Episcopi

141 437 458 489 Leopoliensis,
504 439 545 477 et
587 437 767 488 Dionysi
816 437 1048 488 Zbiruisky
1098 438 1294 490 Episcopi
1343 437 1634 487 Chelmensis,
1680 440 1733 478 ab
1777 440 1838 479 eis

140 508 388 560 specialiter
421 508 706 556 constitutus,
755 511 796 548 et
832 508 996 548 missus
1040 520 1127 548 una
1161 520 1258 549 cum
1296 509 1552 549 Reverendo
1587 510 1626 548 in
1663 509 1838 550 Christo

143 578 270 620 Patre
311 579 500 618 Domino
542 575 704 629 Cyrillo
739 578 953 629 Terlecky
991 578 1187 618 Exarcba
1223 579 1437 629 Episcopo
1474 580 1766 629 Luceoriensi,
1800 583 1840 619 et

141 648 416 691 Ostrosiensi
463 648 660 700 ejusdem
710 649 908 689 Nationis
955 650 1091 689 altero
1126 662 1178 690 ex
1214 649 1577 690 procuratoribus
1623 651 1836 690 dictorum

144 721 434 761 Dominorum
472 719 787 768 Praelatorum,
828 723 869 760 et
904 719 1083 769 Collega
1120 732 1215 770 meo
1250 722 1302 760 ad
1338 722 1590 769 ineundam,
1625 724 1666 761 et
1701 721 1840 760 susci-

143 791 348 842 piendam
384 791 592 830 unionem
628 790 885 832 Sanctitatis
922 791 1117 843 Vestrae,
1153 795 1194 831 et
1218 791 1405 832 Sanctae
1442 792 1666 831 Romanae
1702 788 1843 831 Eccle-

141 863 249 912 siae,
282 864 416 912 atque
449 862 504 901 ad
528 861 808 901 deferendam
844 862 1035 902 debitam
1072 862 1365 902 obedientiam
1402 863 1595 912 ipsorum
1632 863 1843 911 omnium,

142 935 188 974 et
219 932 357 972 totius
405 931 695 972 Ecclesiastici
744 944 895 973 eorum
944 935 1102 982 status,
1148 935 1189 973 et
1223 934 1370 973 ovium
1407 919 1468 973 eis
1502 933 1839 972 commissarum

144 1003 336 1054 nomine,
382 1003 482 1043 huic
516 1003 706 1044 Sanctae
741 1002 839 1043 Sedi
877 1004 995 1044 Beati
1032 1004 1161 1053 Petri,
1209 1006 1250 1043 et
1284 1002 1512 1043 Sanctitati
1550 1003 1745 1051 Vestrae,
1782 1004 1841 1043 uti

143 1072 331 1114 Summo
366 1075 535 1115 Pastori
571 1074 841 1115 Universalis
877 1074 1092 1115 Ecclesiae
1128 1075 1183 1114 ad
1212 1076 1345 1125 pedes
1371 1074 1626 1115 Sanctitatis
1663 1074 1844 1114 Vestrae

144 1145 332 1195 positus,
366 1156 414 1184 ac
449 1145 771 1195 infrascriptam
820 1144 1010 1185 Sanctae
1051 1144 1337 1185 Orthodoxae
1373 1145 1486 1185 Fidei
1522 1145 1841 1195 professionem

143 1215 270 1267 Juxta
314 1215 499 1256 formam
548 1215 731 1255 Graecis
777 1217 832 1255 ad
880 1217 1093 1259 unitatem
1141 1216 1281 1255 dictae
1327 1215 1367 1257 S.
1404 1215 1449 1255 R.
1485 1215 1524 1255 E.
1558 1216 1844 1256 redeuntibus

146 1287 461 1337 praescriptam
512 1286 724 1335 facturus,
779 1289 821 1326 et
871 1287 1118 1326 emissurus
1169 1288 1258 1326 tam
1314 1287 1613 1335 procuratorio
1668 1286 1845 1326 nomine

145 1358 469 1408 praedictorum
519 1357 809 1396 Dominorum
858 1357 1195 1406 Archiepiscopi,
1242 1360 1283 1397 et
1327 1356 1642 1406 Episcoporum
1680 1357 1846 1397 Ruthe-

145 1438 303 1468 norum
341 1439 539 1468 meorum
575 1427 892 1477 principalium,
927 1439 1058 1478 quam
1096 1428 1224 1467 etiam
1263 1439 1359 1467 meo
1395 1428 1568 1477 proprio
1591 1428 1720 1467 simul
1746 1439 1843 1467 cum

149 1499 374 1548 praedicto
400 1498 590 1538 Domino
615 1496 777 1548 Cyrillo
803 1497 998 1538 Exarcba
1034 1498 1248 1548 Episcopo
1285 1498 1578 1548 Luceoriensi‚
1616 1501 1657 1538 et
1691 1497 1846 1538 Ostro-

144 1570 283 1610 siensi
320 1569 622 1618 Procuratore,
667 1571 708 1608 et
758 1567 938 1618 Collega
981 1580 1078 1608 meo
1125 1569 1345 1619 polliceor,
1392 1572 1433 1609 et
1474 1569 1694 1619 promitto,
1728 1570 1845 1619 quod

148 1640 228 1690 ipsi
264 1640 311 1680 D.
344 1640 728 1690 Archiepiscopus,
773 1643 814 1680 et
849 1639 1049 1689 Episcopi
1090 1640 1203 1679 illam
1241 1642 1397 1688 ratam,
1432 1641 1474 1679 et
1506 1640 1847 1688 gratam=tiabe=

146 1711 270 1761 bunt,
316 1722 364 1751 ac
412 1711 668 1761 suscipient,
715 1713 756 1751 et
802 1711 1108 1761 acceptabunt,
1155 1713 1196 1750 et
1231 1712 1344 1751 intra
1375 1713 1553 1760 tempus
1588 1714 1846 1761 competens

147 1781 441 1831 ratificabunt,
489 1784 530 1821 et
576 1781 917 1830 confirmabunt,
968 1784 1100 1832 atque
1148 1782 1200 1821 de
1247 1793 1362 1821 novo
1407 1781 1532 1833 juxta
1578 1781 1843 1830 praedictam

146 1852 333 1892 formam
369 1853 422 1893 de
455 1852 589 1892 verbo
625 1853 679 1892 ad
712 1852 894 1892 verbum
931 1852 1092 1892 facient
1125 1855 1165 1892 et
1200 1853 1406 1901 emitteet‚
1450 1854 1491 1891 et
1525 1863 1673 1891 eorum
1713 1862 1845 1891 manu

147 1924 369 1974 scriptam,
416 1925 458 1963 et
492 1923 634 1972 sigillo
669 1923 947 1972 obsignatam
984 1924 1039 1963 ad
1073 1923 1360 1964 Sanctitatem
1398 1923 1614 1972 Vestram,
1658 1925 1699 1962 et
1733 1922 1845 1961 hanc

148 1994 359 2035 Sanctam
384 1994 684 2044 Apostolicam
712 1993 867 2034 Sedem
894 1995 1209 2044 transmittent,
1244 1997 1373 2044 prout
1398 1994 1613 2044 sequitur:
1648 1992 1847 2041 (Omitti-

151 2066 226 2104 τω
247 2063 470 2115 professio
503 2065 646 2114 Fidei,
679 2066 784 2116 quia
816 2076 951 2115 supra
984 2066 1200 2115 reperitur
1226 2065 1476 2114 impressa).

291 2135 402 2176 Tum
441 2135 689 2176 Ruthenica
723 2137 874 2185 lingua
907 2137 1168 2186 conscripta,
1213 2139 1255 2176 et
1289 2137 1484 2176 similiter
1522 2135 1576 2174 ab
1612 2136 1706 2184 ipso
1740 2134 1845 2174 sub-

149 2207 314 2257 scripta
347 2218 424 2257 pro
459 2219 510 2248 eo
544 2208 655 2248 lecta
689 2211 757 2248 est
790 2219 814 2247 a
847 2208 1005 2247 dilecto
1039 2207 1127 2246 filio
1164 2207 1398 2247 Eustachio
1447 2207 1665 2247 Volovitio
1700 2204 1847 2245 Cano-

151 2277 247 2317 nico
283 2277 504 2318 Vilnensis
539 2278 755 2319 Ecclesiae
789 2278 988 2330 ejusdem
1025 2278 1199 2327 linguae
1235 2278 1387 2327 perito.
1454 2278 1617 2317 Deinde
1658 2274 1848 2326 Cyrillus

151 2347 393 2398 Episcopus
436 2349 634 2389 eamdem
683 2348 969 2389 Orthodoxae
1005 2348 1117 2388 Fidei
1154 2348 1474 2400 professionem
1509 2347 1608 2387 fecit
1641 2347 1695 2387 ad
1729 2357 1847 2386 eam-

149 2419 248 2459 dem
285 2429 468 2469 prorsus
502 2419 706 2467 formam,
742 2422 873 2470 prout
911 2420 1126 2470 Hypatius
1150 2419 1393 2469 Episcopus
1417 2419 1579 2458 fecerat
1605 2417 1847 2457 Rutbenice

150 2490 370 2540 scriptam,
417 2501 468 2530 eo
514 2488 635 2541 quod
681 2491 875 2539 linguam
912 2491 1092 2531 latinam
1131 2501 1217 2530 non
1254 2490 1439 2529 calleret,
1507 2489 1606 2535 Sed,
1642 2491 1682 2528 et
1717 2488 1849 2527 latina

149 2561 373 2613 scriptam,
409 2573 457 2601 ac
492 2562 546 2602 ab
582 2562 678 2612 ipso
713 2562 1008 2612 subscriptam
1046 2562 1142 2613 ejus
1178 2561 1356 2600 nomine
1381 2561 1483 2609 legit
1515 2561 1699 2600 dilectus
1733 2559 1848 2598 filius

153 2631 296 2672 Lucas
330 2632 565 2672 Doctorius
599 2630 856 2672 Canonicus
893 2632 1212 2681 LuceoriensiS,
1258 2631 1510 2671 huiusmodi
1555 2630 1637 2670 sub
1683 2634 1846 2676 tenore,

150 2701 368 2743 videlicet:
402 2702 705 2752 Sanctissime‚
740 2714 788 2743 ac
824 2703 1085 2743 Beatissime
1127 2702 1264 2743 Pater.
1312 2701 1400 2750 Ego
1442 2701 1619 2740 humilis
1660 2698 1848 2750 Cyrillus

152 2769 366 2824 Terlecky
412 2774 488 2814 Dei
536 2773 690 2814 Gratia
737 2773 934 2814 Exarcha
980 2773 1224 2823 Episcopus
1266 2773 1583 2821 Luceoriensis,
1619 2774 1658 2810 et
1694 2770 1848 2810 Ostro-

152 2843 315 2897 siensis
350 2844 390 2884 in
428 2844 602 2896 Russia,
639 2845 831 2885 nationis
867 2845 1129 2892 Russorum,
1166 2855 1244 2884 seu
1281 2843 1601 2891 Ruthenorum,
1645 2852 1761 2880 unus
1797 2851 1847 2878 ex

153 2914 519 2956 Procuratoribus
543 2916 899 2957 Reverendorum
933 2916 972 2955 in
998 2914 1175 2956 Christo
1201 2915 1376 2954 Patrum
1405 2913 1689 2952 Dominorum
1721 2912 1848 2950 Prae—

153 2984 342 3025 latorum
378 2985 576 3037 ejusdem
613 2986 826 3036 Nationis‚
859 2986 1058 3026 videlicet
1083 2985 1306 3025 Michaelis
1327 2983 1502 3024 Rahosa
1525 2981 1846 3030 Archiepiscopi
