2181 3305
1039 158 1298 197 —330-

324 296 627 346 Metropolitae
664 297 907 336 Kioviensis
941 299 981 337 et
1018 297 1287 346 l-laliciensis‚
1334 307 1381 336 ac
1416 297 1554 337 totius
1590 297 1789 347 Russiae,
1825 300 1865 338 et
1899 297 2013 338 Gre-

321 367 428 415 gorii
465 367 786 417 Archiepiscopi
822 367 1092 407 denominati
1128 367 1248 407 electi
1285 367 1324 406 in
1350 366 1611 417 Episcopum
1639 367 1938 418 Polocensem,
1970 369 2013 408 et
2088 362 2090 365 ’

326 437 675 486 Vitebscensem,
705 440 745 476 et
781 437 920 476 jonae
957 437 1095 478 l-lohol
1131 437 1252 477 electi
1289 438 1327 476 in
1355 437 1617 488 Episcopum
1654 438 1934 478 Pinscensem
1971 439 2014 478 et
2078 492 2082 497 .

324 506 656 555 Turoviensem,
692 511 732 547 et
768 506 989 546 Michaelis
1025 507 1336 558 Kopystensky
1372 507 1569 557 Episcopi
1606 506 1936 557 Premisliensis,
1971 510 2015 548 et

324 576 663 625 Samboriensis‚
699 581 740 617 et
775 577 998 617 Gedec-nis
1034 577 1225 617 Balaban
1262 576 1460 628 Episcopi
1498 578 1811 628 Leopoliensis,
1844 580 1885 618 et
1914 577 2013 618 Dio-

326 649 420 687 nisii
455 648 688 697 Zbiruisky
725 647 922 697 Episcopi
959 647 1249 697 Chelmensis,
1283 648 1336 687 ab
1367 649 1428 688 eis
1453 649 1698 698 specialiter
1731 648 2012 698 constitutus,

324 722 365 758 et
401 719 565 757 missus
600 729 689 757 una
723 729 819 757 cum
858 718 1114 758 Reverendo
1149 718 1188 757 in
1226 717 1402 758 Christo
1445 719 1569 758 Patre
1605 719 1792 758 Domino
1827 718 2013 769 Hypatio

325 789 464 828 Pociei
502 788 813 828 protothronio
848 788 1200 838 Wlodimiriensi,
1234 791 1275 828 et
1310 788 1531 829 Brestensi
1568 789 1778 838 Episcopo
1813 789 2011 840 ejusdem

325 859 534 908 Nationis‚
581 859 716 898 altero
751 870 803 897 ex
839 858 1202 898 procuratoribus
1247 859 1461 899 dictorum
1511 859 1797 898 Dominorum
1840 858 2012 899 Praela-

322 932 482 978 torum,
530 934 570 969 et
615 928 794 978 Collega
843 940 951 978 mea,
998 930 1053 968 ad
1087 930 1323 969 ineundam
1360 935 1401 969 et
1435 930 1760 979 suscipiendam
1803 930 2010 969 unionem

324 999 577 1040 Sanctitatis
614 999 805 1049 Vestrae,
839 1003 880 1039 et
905 999 944 1040 S.
969 999 1014 1038 R.
1043 999 1082 1038 E.
1116 1002 1248 1050 atque
1282 1000 1337 1039 ad
1370 999 1647 1039 deferendam
1683 1000 1872 1040 debitam
1909 1000 2013 1040 obe-

323 1071 529 1110 dientiam
576 1071 768 1120 ipsorum
817 1070 1012 1109 omnium
1061 1073 1103 1109 et
1144 1071 1281 1110 totius
1325 1070 1613 1110 Ecclesiastici
1661 1081 1809 1110 eorum
1857 1073 2035 1121 status,-

324 1143 365 1180 et
399 1141 544 1180 ovium
582 1141 643 1180 eis
679 1141 1015 1187 commissarum
1054 1141 1242 1189 nomine,
1279 1141 1378 1180 huic
1413 1141 1603 1182 Sanctae
1625 1141 1723 1181 Sedi
1747 1141 1865 1181 Beati
1888 1140 2013 1191 Petri,

324 1215 365 1251 et
399 1211 628 1252 Sanctitati
667 1211 861 1260 Vestrae,
896 1211 956 1251 uti
992 1211 1176 1252 Summo
1210 1212 1379 1251 Pastori
1406 1212 1676 1251 Universalis
1710 1211 1926 1252 Ecclesiae
1959 1211 2013 1251 ad

324 1283 457 1331 pedes
487 1283 683 1334 ejusdem
710 1282 967 1322 Sanctitatis
993 1282 1173 1322 Vestrae
1196 1283 1382 1332 positus,
1408 1294 1456 1322 ac
1483 1283 1799 1333 infrascriptam
1825 1282 2014 1323 Sanctae

324 1352 609 1393 Orthodoxae
645 1353 758 1392 Fidei
794 1353 1127 1403 professionem,
1158 1353 1284 1404 juxta
1308 1353 1492 1393 formam
1520 1353 1699 1394 Graecis
1721 1354 1775 1393 ad
1799 1353 2010 1393 unitatem

323 1425 464 1464 dictae
509 1424 698 1464 Sanctae
745 1424 972 1463 Romanae
1019 1423 1232 1463 Ecclesiae
1280 1424 1566 1463 redeuntibus
1606 1425 1919 1474 praescriptam
1954 1423 2014 1463 fa-

324 1497 488 1543 cturus,
515 1498 554 1534 et
579 1495 838 1541 emissurus,
869 1494 951 1533 iam
979 1494 1152 1543 proprio
1178 1495 1699 1544 nominepraedictorum
1727 1494 2012 1534 Dominorum

324 1565 736 1615 Archiepiscopi,·et
770 1564 1083 1614 Episcoporum
1121 1564 1424 1604 Ruthenorum
1463 1576 1658 1604 meorum
1682 1565 2012 1614 principallium,

323 1647 453 1686 quam
502 1636 629 1675 etiam
680 1646 776 1675 meo
823 1632 996 1685 proprio
1041 1636 1169 1675 simul
1217 1646 1313 1674 cum
1351 1636 1571 1684 praedicto
1606 1635 1793 1675 Domino
1828 1635 2014 1686 l-lypatio

325 1706 634 1746 Protothronio
673 1706 1028 1753 Wlodimiriensi,
1062 1707 1103 1745 et
1137 1705 1359 1746 Brestensi
1395 1705 1608 1755 Episcopo
1642 1707 1940 1755 procuratore,
1973 1706 2015 1745 et

323 1777 490 1826 collega
515 1788 610 1816 mea
633 1776 850 1826 polliceor,
874 1779 915 1816 et
938 1777 1158 1825 promitto,
1192 1777 1310 1826 quod
1335 1776 1414 1826 ipsi
1441 1776 1612 1823 Domini
1635 1776 2014 1826 Archiepiscopus‚

324 1850 365 1887 et
411 1847 608 1897 Episcopi
658 1847 771 1886 illam
819 1850 972 1896 ratam,
1020 1849 1061 1886 et
1107 1849 1277 1895 gratam
1327 1847 1563 1896 habebunt,
1603 1858 1652 1886 ac
1686 1847 1939 1896 suscipient,
1972 1848 2014 1886 et

323 1918 628 1967 acceptabunt,
663 1920 703 1957 et
738 1918 849 1958 intra
882 1920 1059 1967 tempus
1093 1920 1349 1967 competens
1383 1917 1673 1968 ratificabunt,
1706 1920 1747 1957 et
1780 1917 2014 1957 confirma-

325 1989 433 2028 bunt
467 1991 598 2038 atque
632 1989 684 2028 de
720 1999 834 2027 novo
866 1989 992 2039 juxta
1017 1988 1280 2038 praedictam
1307 1988 1492 2028 formam
1520 1989 1572 2027 de
1595 1989 1729 2027 verbo
1752 1988 1806 2028 ad
1830 1986 2010 2027 verbum

324 2059 497 2107 facient,
544 2062 585 2099 et
620 2060 831 2109 emittent,
873 2062 913 2099 et
949 2070 1098 2099 eorum
1137 2070 1268 2098 manu
1305 2059 1611 2108 subscriptam,
1647 2062 1687 2098 et
1721 2059 1869 2107 sigilla
1895 2058 2014 2098 obsi-

322 2132 501 2177 gnatam
550 2130 604 2169 ad
653 2129 939 2170 Sanctitatem
990 2130 1202 2178 Vestram,
1249 2131 1289 2168 et
1329 2129 1438 2169 hanc
1473 2129 1679 2170 Sanctam
1714 2129 2010 2179 Apostolicam

324 2200 479 2240 Sedem
528 2201 842 2249 transmittent,
888 2202 1017 2249 prout
1051 2200 1259 2251 sequitur.
1306 2200 1446 2239 Firma
1479 2199 1563 2240 fide
1597 2204 1676 2240 etc.
1703 2201 1839 2249 prout
1868 2209 2014 2249 supra.

466 2270 611 2318 Quare
646 2271 734 2310 Nos
768 2271 1084 2320 commisimus,
1131 2277 1171 2310 et
1207 2270 1516 2310 mandavimus
1549 2270 1705 2310 dilecto
1738 2269 1825 2310 filio
1860 2272 2012 2310 nostro

326 2340 442 2380 julio
476 2341 667 2381 Antonio
704 2341 963 2392 Presbytero
1012 2340 1230 2381 Cardinali
1278 2340 1465 2380 Sanctae
1505 2340 1664 2380 Mariae
1697 2340 2010 2380 Transtiberim

325 2411 512 2451 Sanctae
546 2411 794 2460 Severinae,
832 2412 982 2463 Majori
1020 2412 1360 2451 Poenitentiario
1396 2414 1560 2462 nostr0,
1594 2414 1641 2451 ut
1665 2412 1841 2451 eosdem
1868 2411 2012 2461 l-lypa—

324 2482 430 2521 tium
469 2485 508 2521 et
545 2482 753 2532 Cyrillum
789 2482 1028 2532 Episcopos
1063 2484 1103 2521 et
1137 2481 1360 2531 Oratores,
1392 2493 1440 2521 ac
1475 2493 1624 2521 eorum
1661 2482 1855 2529 comites,
1887 2479 2013 2520 fami-

325 2552 451 2591 liares
497 2556 537 2591 et
584 2553 852 2592 domesticos
897 2556 985 2592 tam
1035 2553 1321 2603 Presbyteros
1367 2555 1408 2592 et
1449 2550 1660 2602 Clericos,
1703 2563 1833 2603 quam
1881 2551 2009 2591 etiam

326 2623 471 2672 laicos,
507 2626 547 2662 et
580 2624 688 2663 alias
723 2635 1027 2674 quascumque
1062 2635 1274 2673 personas
1307 2624 1446 2664 dictae
1481 2624 1679 2663 Nationis
1707 2622 2010 2663 Ruthenorum

327 2694 491 2733 Romae
539 2697 794 2743 praesentes
828 2706 852 2734 a
886 2695 1116 2745 quibusvis
1163 2694 1647 2743 excommunicationis,
1691 2693 2013 2744 suspensionis,

327 2764 554 2813 inter'dicti,
598 2764 781 2814 aliisque
816 2765 1131 2805 Ecclesiasticis
1165 2765 1409 2813 sententiis,
1454 2764 1663 2813 censuris,
1695 2767 1735 2803 et
1771 2764 1937 2814 poenis,
1969 2764 2009 2803 in

324 2845 436 2883 quas
462 2837 636 2884 propter
662 2835 917 2884 praemissa,
950 2846 1027 2874 seu
1051 2835 1256 2883 schisma,
1279 2835 1496 2882 haereses,
1528 2839 1568 2874 et
1590 2845 1757 2873 errores
1781 2834 2014 2888 praefatos,

325 2903 485 2953 quibus
524 2904 671 2944 forsan
708 2904 1000 2952 adhaeserint,
1045 2906 1374 2955 quomodolibet
1421 2906 1708 2949 incurrerunt,
1752 2905 2012 2945 auctoritate

327 2977 478 3014 nostra
513 2975 550 3013 in
588 2977 775 3025 utroque
809 2974 902 3014 foro
936 2975 1137 3015 absolvat
1174 2976 1212 3015 in
1253 2975 1391 3015 forma
1426 2975 1640 3014 Ecclesiae
1674 2977 1900 3023 consueta,
1933 2984 2012 3014 nec
