2181 3305
840 140 1102 179 —323—

267 279 635 329 indulgentiarum
679 264 806 318 etiam
857 283 1119 329 potestatem
1157 293 1182 321 a
1215 281 1392 323 Christo
1428 285 1466 322 in
1506 284 1691 324 Ecclesia
1728 286 1818 325 reli-

122 354 234 392 ctam
271 351 420 402 fuisse,
456 350 715 400 illarumque
740 361 869 389 usum
897 348 1149 392 Christiano
1177 354 1338 403 populo
1365 355 1553 394 maxime
1578 356 1815 395 salutarem

121 433 220 462 esse
253 421 436 461 affirmo.

262 491 469 532 Sanctam
521 489 794 530 Catholicam
848 494 889 531 et
939 493 1232 541 Apostolicam
1285 495 1528 534 Romanam
1580 495 1812 535 Ecclesiam

119 562 314 602 omnium
353 561 640 601 Ecclesiarum
679 565 860 601 matrem
897 566 938 602 et
978 564 1231 611 magistram
1268 576 1476 615 agnosco,
1525 563 1815 615 Romanoque

122 632 318 672 Pontifici
366 632 478 671 beati
527 631 637 671 Petri
685 632 996 681 Apostolorum
1047 633 1255 683 Principis
1303 636 1567 682 successori,
1616 647 1663 676 ac
1705 637 1813 675 jesu

119 701 281 742 Christi
319 702 486 742 vicario
521 713 666 742 veram
704 702 997 742 obedientiam
1035 705 1234 753 spondeo
1269 717 1316 744 ac
1352 706 1464 756 juro.

260 771 445 813 Caetera
479 773 577 812 item
615 773 764 812 omnia
799 784 822 812 a
856 775 992 813 sacris
1017 773 1276 814 Canonibus
1301 778 1342 816 et
1366 774 1672 816 Oecumenicis
1696 774 1813 816 Con-

117 844 223 883 ciliis
257 855 304 884 ac
328 844 558 894 praecique
582 855 606 882 a
630 846 915 883 sacrosancta
940 844 1192 885 Tridentina
1214 845 1394 896 Synodo
1419 847 1589 895 tradita,
1623 847 1813 897 definita,

116 917 158 954 et
176 915 411 962 declarata,
446 914 744 954 indubitanter
769 915 927 964 recipio
952 918 1082 965 atoue
1105 916 1327 964 profiteor:
1353 917 1572 967 simulque
1596 918 1814 957 contraria

115 986 276 1034 omnia,
307 988 361 1025 et
395 985 690 1034 schismatica,
735 987 867 1035 atque
916 986 1123 1026 haereses
1169 998 1475 1038 quascumque
1522 988 1573 1027 ab
1624 987 1813 1027 Ecclesia

114 1059 349 1098 damnatas
383 1059 425 1096 et
448 1056 634 1107 rejectas
657 1060 698 1095 et
721 1056 1133 1106 anathematizatas,
1167 1069 1248 1106 ego
1275 1059 1433 1107 pariter
1456 1059 1634 1110 damno,
1669 1059 1811 1098 relicio

114 1130 156 1168 et
190 1127 531 1167 anathematizo.

257 1198 374 1237 Hanc
409 1208 555 1236 veram
593 1195 866 1236 Catholicam
900 1197 1041 1245 iidem,
1077 1201 1200 1237 extra
1221 1209 1352 1248 quam
1382 1209 1510 1238 nemo
1535 1199 1687 1238 salvus
1712 1210 1811 1239 esse

113 1270 271 1318 potest,
315 1278 446 1317 quam
496 1267 536 1305 in
585 1267 804 1316 praesenti
852 1270 1011 1316 sponte
1061 1268 1280 1316 profiteor,
1323 1272 1363 1308 et
1410 1269 1619 1308 veraciter
1664 1272 1811 1318 teneo,

113 1338 310 1378 eamdem
349 1337 562 1386 integram
601 1340 643 1376 et
675 1337 928 1377 inviolatam
954 1348 1096 1387 usque
1119 1339 1172 1376 ad
1197 1341 1442 1377 extremum
1469 1339 1583 1378 vitae
1608 1339 1808 1389 spiritum

111 1407 485 1457 constantissime,
522 1407 612 1446 Deo
646 1407 902 1460 adjuvante,
936 1408 1120 1447 retinere
1156 1411 1198 1448 et
1232 1409 1441 1457 confiteri,
1478 1412 1610 1459 atque
1644 1420 1669 1449 a
1704 1409 1811 1449 meis

112 1479 313 1527 subditis,
359 1479 426 1518 vel
463 1478 556 1527 illis,
603 1488 789 1528 quorum
826 1489 929 1518 cura
963 1478 1017 1517 ad
1054 1490 1121 1518 me
1156 1479 1194 1517 in
1233 1490 1414 1518 munere
1449 1490 1545 1519 meo
1580 1480 1809 1530 spectabit,

109 1549 260 1599 teneri,
293 1549 450 1598 doceri,
483 1550 524 1588 et
559 1549 808 1598 praedicari,
843 1551 1057 1599 quantum
1096 1550 1134 1588 in
1173 1561 1240 1588 me
1274 1550 1365 1598 erit,
1398 1552 1669 1590 curaturum.
1722 1549 1809 1600 Ego

111 1621 221 1660 idem
260 1620 475 1671 Hypatius
511 1619 650 1659 Pociei
694 1620 1034 1660 protothronius
1083 1619 1325 1670 Episcopus
1374 1621 1733 1671 Vladimiriensis,
1768 1622 1810 1661 et

110 1691 371 1740 Brestensis,
407 1694 664 1740 procurator
698 1691 1051 1740 supradictorum
1093 1692 1373 1731 dominorum
1410 1692 1733 1741 Arcbiepiscopi
1767 1693 1810 1732 et

111 1761 365 1812 Episcorum
403 1761 722 1810 Ruthenorum‚
764 1763 1064 1811 procuratorio
1099 1773 1250 1802 eorum
1289 1763 1465 1802 nomine
1499 1765 1540 1802 et
1576 1773 1672 1802 meo
1708 1773 1808 1812 pro-

110 1834 215 1884 prio,
251 1835 299 1872 ut
332 1843 478 1882 supra,
513 1833 727 1883 spondeo,
761 1843 914 1882 vove0,
948 1844 996 1872 ac
1031 1833 1146 1883 juro:
1181 1832 1248 1873 Sic
1286 1844 1354 1872 me
1389 1833 1508 1872 Deus
1541 1833 1733 1884 adjuvet,
1766 1834 1808 1873 et

109 1903 216 1944 haec
250 1905 405 1944 sancta
441 1903 514 1943 Dei
552 1903 798 1952 Evangelia.

936 2115 981 2161 II.

168 2218 457 2262 Constitutio
492 2230 635 2271 super
667 2219 846 2260 Unione
880 2219 1094 2260 Nationis
1130 2219 1369 2260 Ruthenae
1403 2230 1505 2260 cum
1540 2218 1747 2259 Ecclesia

844 2290 1069 2331 Romana.

629 2466 916 2509 CLEMENS
949 2465 1279 2508 EPJSCOPUS

352 2535 503 2573 Servus
530 2534 746 2572 Servorum
775 2534 855 2571 Dei
877 2534 932 2570 ad
951 2537 1193 2580 perpetuam
1221 2534 1279 2570 rei
1303 2543 1547 2570 memortam.

246 2610 436 2660 Magnus
471 2609 688 2650 Dominus
727 2612 771 2650 et
811 2609 1044 2662 laudabilis
1092 2609 1219 2648 nimis
1255 2609 1294 2647 in
1331 2605 1518 2648 Civitate
1554 2608 1628 2647 Dei
1665 2606 1801 2646 nostri

104 2680 145 2720 in
183 2683 332 2722 monte
366 2683 523 2721 sancto
558 2680 669 2732 ejus.
703 2678 870 2720 Civitas
895 2679 969 2719 Dei
1003 2690 1140 2728 supra
1175 2682 1370 2719 montem
1398 2679 1558 2728 posita,
1593 2689 1708 2728 quae
1730 2677 1803 2716 ab·

103 2751 256 2790 scondi
293 2762 377 2790 non
416 2753 578 2801 potest,
624 2751 664 2790 in
699 2761 788 2801 qua
819 2750 1015 2799 gloriosa
1047 2753 1090 2790 et
1123 2749 1383 2789 admiranda
1429 2751 1637 2798 operatur
1672 2748 1803 2797 Deus,

103 2823 146 2861 et
180 2821 272 2871 ipse
306 2821 507 2862 fundavit
532 2833 627 2862 eam
654 2821 922 2870 Altissimus‚
955 2820 1119 2862 Sancta
1143 2823 1210 2860 est
1236 2819 1425 2860 Ecclesia
1449 2829 1538 2858 una
1562 2817 1802 2867 Catholica,

103 2890 146 2931 et
193 2890 456 2942 Apostolica,
501 2891 732 2932 aedificata
777 2902 802 2931 a
848 2889 1026 2930 Christo
1074 2890 1262 2930 Domino
1309 2901 1442 2939 supra
1491 2888 1799 2928 Beatissimum

95 2961 440 3012 *Apostolorum*
467 2960 708 3012 Principem
758 2961 947 3011 Petrum,
993 2962 1064 3011 qui
1100 2964 1168 3001 est
1201 2960 1537 3000 fundamentum
1576 2957 1800 3006 Ecclesiae,

1686 3024 1754 3059 21*
