2181 3305
1090 155 1351 196 —328—

378 293 511 332 latina
545 293 597 332 ad
631 293 825 333 verbum.
859 293 969 334 Tum
1007 295 1144 335 lectae
1177 299 1282 336 sunt
1312 297 1440 337 etiam
1479 297 1626 337 literae
1660 299 1713 337 de
1746 299 1896 338 eadem
1933 310 1977 339 re
2009 300 2063 340 ad

378 362 466 402 Nos
500 373 524 402 a
549 364 780 412 praedictis
805 363 1015 404 Michaele
1036 365 1375 417 Archiepiscopo
1401 366 1749 417 Metropolitano,
1770 371 1812 409 et
1840 368 2065 419 Episcopis

378 432 595 472 Ruthenis
630 434 831 483 scriptae,
861 435 913 473 de
935 435 1097 486 quibus
1131 447 1265 486 supra
1297 437 1501 486 diximus,
1534 440 1576 478 et
1597 438 1749 478 eodem
1777 439 1903 488 plane
1925 440 2068 490 modo,

377 503 563 552 primum
600 505 773 553 quidem
813 504 1057 545 Ruthenico
1092 517 1308 552 sermone.
1341 508 1496 548 deinde
1529 519 1581 548 ex
1616 508 1749 548 latina
1783 510 1986 549 versione
2012 510 2067 550 ad

377 573 556 612 verbum
594 578 698 613 sunt
733 574 879 623 lectae,
914 586 1015 615 mox
1049 576 1102 615 ab
1138 587 1226 616 uno
1260 588 1312 616 ex
1346 576 1599 618 Secretariis
1626 579 1789 618 nostris
1813 579 2067 620 domesticis

376 644 491 683 clara
524 655 630 684 voce
666 645 771 694 ipsis
795 644 1032 695 Episcopis‚
1066 648 1107 686 et
1132 645 1392 687 Oratoribus
1416 649 1547 688 latine
1573 648 1818 697 significare
1839 649 2069 701 jussimus,

376 717 587 764 quantam
635 715 810 754 animus
857 719 1006 756 noster
1052 717 1260 756 laetitiam
1309 722 1496 767 caperet,
1540 722 1581 759 et
1627 719 1843 759 exultaret
1889 720 2068 769 spiritus

378 788 528 825 noster
562 786 602 824 in
641 785 730 824 Deo
766 786 946 826 salutari
984 790 1135 827 nostro
1171 789 1348 838 propter
1382 788 1686 829 Ruthenorum
1724 790 1836 829 hanc
1871 790 2071 830 saluber-

376 855 529 894 rimam
553 856 927 907 deliberationem,
949 860 1163 908 quantum
1190 858 1269 908 ipsi
1293 859 1502 899 deberent
1522 859 1612 899 Deo
1631 859 1845 900 bonorum
1871 860 2066 900 omnium

376 927 556 975 auctori,
600 926 671 976 qui
707 926 894 976 Spiritus
940 926 1088 968 Sancti
1123 925 1279 968 afflatu
1324 929 1435 969 hanc
1472 930 1548 970 eis,
1572 932 1760 970 mentem
1795 931 1990 970 dedisset
2021 932 2070 970 ut

375 999 546 1036 veteres
581 1007 749 1036 errores
795 1001 1101 1048 agnoscerent,
1136 1002 1177 1038 et
1210 999 1548 1048 detestarentur,
1581 1003 1622 1040 et
1655 1001 1709 1040 ad
1743 1003 1908 1050 petram
1945 1000 2072 1050 Fidei,

377 1067 432 1106 ad
476 1066 720 1107 Romanam
772 1067 1020 1114 Ecclesiam,
1067 1067 1224 1119 Caput,
1270 1069 1465 1119 Matrem,
1509 1073 1550 1110 et
1585 1070 1837 1119 Magistram
1873 1071 2069 1111 omnium

378 1137 669 1177 Ecclesiarum
706 1138 907 1178 redirent.

518 1207 629 1247 Tum
666 1208 720 1247 illi
757 1209 902 1249 statim
930 1208 1157 1260 Hypatius,
1190 1213 1232 1250 et
1255 1209 1444 1261 Cyrillus
1467 1214 1555 1251 tam
1579 1222 1662 1251 suo
1685 1212 1858 1262 proprio
1881 1211 2072 1261 nomine,

377 1289 508 1328 quam
544 1279 604 1318 uti
639 1280 837 1318 oratores
871 1282 913 1319 et
948 1279 1257 1320 Procuratores
1293 1280 1516 1320 Michaelis
1550 1281 1874 1332 Archiepiscopi
1909 1284 1950 1322 et
1984 1281 2069 1322 Co-

377 1349 683 1398 episcoporum
710 1360 892 1389 suorum
919 1351 1270 1399 supradictorum
1297 1350 1424 1391 iidem
1449 1349 1720 1392 Catholicam
1739 1352 1864 1403 juxta
1882 1353 2067 1392 formam

378 1419 667 1468 professionis
710 1419 808 1459 fidei
855 1420 1129 1460 orthodoxae
1162 1431 1187 1460 a
1221 1420 1402 1461 Graecis
1448 1421 1673 1462 faciendae
1707 1423 1759 1462 ab
1795 1422 1872 1462 hac
1908 1421 2071 1463 Sancta

377 1489 488 1529 Sede
523 1490 834 1539 praescriptam
881 1490 1058 1539 integre,
1104 1494 1144 1531 et
1177 1492 1230 1530 de
1263 1491 1395 1531 verbo
1429 1492 1484 1532 ad
1517 1492 1697 1532 verbum
1736 1492 1921 1542 professi
1955 1495 2072 1542 sunt,

378 1559 524 1609 Nobis,
558 1562 599 1599 et
632 1560 911 1609 Apostolicae
946 1560 1044 1601 Sedi
1079 1561 1284 1611 debitam,
1322 1565 1363 1602 et
1398 1567 1652 1612 perpetuam
1688 1562 1996 1608 obedientiam,
2028 1564 2071 1603 et

380 1630 700 1681 subjectionem
752 1631 1078 1681 praestiterunt,
1125 1642 1257 1682 quam
1310 1632 1397 1672 Nos
1450 1644 1539 1672 una
1587 1644 1684 1672 cum
1737 1633 2071 1673 Venerabilibus

376 1700 584 1740 fratribus
620 1700 782 1740 nostris
817 1700 856 1742 S.
882 1701 927 1741 R.
951 1701 990 1741 E.
1015 1700 1322 1742 Cardinalibus
1347 1703 1606 1752 recepimus,
1638 1707 1770 1753 atque
1793 1703 1897 1742 haec
1922 1703 2071 1743 omnia

379 1771 777 1821 Archiepiscopum,
810 1774 852 1811 et
887 1771 1127 1821 Episcopos
1163 1772 1395 1813 Ruthenos
1430 1784 1578 1813 eorum
1605 1773 1798 1822 collegas
1822 1784 1869 1813 ac
1895 1771 2069 1813 Clerum

378 1845 421 1881 et
455 1841 668 1891 Populum
705 1845 811 1892 rata,
845 1844 886 1881 et
918 1845 1042 1891 grata
1077 1843 1319 1893 habituros,
1365 1845 1406 1883 et
1450 1844 1648 1883 eamdem
1696 1843 1792 1883 fidei
1833 1843 2071 1893 professio-

380 1923 477 1951 nem
513 1911 720 1961 facturos,
755 1915 886 1962 atque
921 1912 1214 1953 obedientiam
1252 1914 1554 1964 praestituros,
1594 1914 1742 1953 omnia
1775 1914 1963 1964 denique
1997 1924 2072 1964 per

378 1982 499 2032 ipsos
535 1994 685 2022 eorum
722 1982 943 2032 Oratores,
977 1986 1018 2023 et
1053 1987 1374 2034 procuratoreS,
1406 1986 1538 2035 atque
1572 1988 1613 2025 et
1648 1984 1866 2034 promissa
1913 1983 2072 2024 confir-

380 2057 591 2103 maturos,
636 2056 677 2093 et
711 2054 1025 2094 observaturos
1060 2054 1176 2094 bona
1210 2055 1306 2104 fide,
1349 2057 1390 2094 et
1423 2056 1550 2095 corde
1585 2055 1756 2094 sincero
1789 2065 1934 2094 coram
1970 2054 2073 2105 Deo,

379 2124 450 2174 qui
498 2124 773 2174 judicaturus
819 2127 886 2164 est
930 2125 1055 2164 vivos
1101 2128 1143 2165 et
1178 2128 1392 2175 mortuos,
1434 2126 1721 2176 jureJurando
1767 2125 2074 2175 promiserunt.

381 2195 551 2234 Primus
585 2198 731 2234 autem
781 2195 995 2246 Hypatius
1036 2195 1279 2245 Episcopus
1313 2196 1411 2235 fidei
1446 2196 1718 2236 orthodoxae
1752 2195 2080 2245 professionem·

379 2265 478 2304 fecit
511 2265 644 2304 latina
678 2265 838 2315 lingua,
871 2266 989 2316 quod
1024 2266 1116 2315 ipse
1150 2266 1283 2306 latine
1319 2269 1485 2315 nosset,
1525 2267 1650 2318 juxta
1683 2266 1867 2306 formam
1903 2265 2072 2315 praedi-

380 2320 528 2374 ctams
549 2333 651 2383 legit
684 2337 830 2375 autem
874 2347 968 2375 eam
1005 2336 1121 2376 clara
1154 2347 1261 2376 voce
1295 2337 1348 2376 de
1382 2337 1544 2386 scripto
1579 2337 1744 2385 integre
1779 2337 1818 2376 in
1854 2347 1968 2386 eum,
1999 2336 2071 2387 qui

380 2407 578 2455 sequitur
615 2407 807 2445 modum.

522 2475 824 2522 Sanctissime‚
860 2488 907 2516 ac
943 2477 1204 2517 Beatissime
1231 2478 1369 2527 Pater,
1406 2478 1493 2526 Ego
1530 2478 1707 2517 humilis
1742 2478 1955 2528 Hypatius
1990 2477 2072 2517 Po-

381 2547 485 2597 ciey,
525 2546 597 2585 Dei
637 2548 776 2595 gratia
817 2547 1158 2587 Protothronius
1193 2548 1569 2595 Wlodimiriensis,
1617 2550 1658 2588 et
1693 2546 1938 2588 Brestensis
1976 2546 2072 2597 Epi-

382 2628 546 2667 scopus
583 2618 620 2656 in
659 2618 831 2668 Russia,
867 2619 1066 2658 Nationis
1102 2620 1367 2667 Russorum,
1401 2630 1478 2658 seu
1516 2619 1836 2666 Ruthenorum,
1870 2628 1986 2657 unus
2021 2628 2073 2657 ex

382 2688 748 2727 Procuratoribus
813 2689 1168 2729 Reverendorum
1226 2690 1265 2729 in
1322 2688 1499 2730 Christo
1553 2688 1729 2730 Patrum
1784 2688 2071 2728 Dominorum

383 2758 681 2798 Praelatorum
718 2759 914 2810 ejusdem
942 2761 1146 2807 nationis,
1183 2760 1452 2800 Venerabilis
1477 2757 1701 2799 Michaelis
1726 2759 1904 2798 Rahosa
1924 2758 2073 2799 Archi-

383 2828 575 2877 episcopi
612 2828 913 2879 Metropolitae
948 2830 1206 2879 Kioviensis,
1241 2833 1281 2870 et
1317 2828 1587 2878 Haliciensis,
1622 2840 1670 2869 ac
1704 2830 1841 2869 totius
1876 2829 2074 2877 Russiae,

383 2900 425 2937 et
460 2897 635 2947 Georgii
670 2900 992 2950 Archiepiscopi
1027 2901 1296 2940 denominati
1333 2900 1456 2940 electi
1492 2900 1531 2939 in
1569 2899 1831 2950 Episcopum
1868 2899 2075 2940 Polocen-

384 2980 494 3019 sem,
527 2972 568 3008 et
604 2970 950 3020 Vitebscensem,
985 2973 1026 3010 et
1059 2971 1200 3010 =lonae
1236 2970 1373 3010 Hohol
1421 2970 1540 3010 electi
1589 2971 1627 3009 in
1677 2970 1937 3020 Episcopum
1974 2968 2073 3009 Pin-
