2181 3305
0 0 23 286 ,sq-*⁷,yststiwms

1 920 21 950 ι*
0 422 25 908 wentanum-mamm
3 299 18 407 ωψ-

5 1097 11 1104 ‘
6 1039 13 1052 -ι
4 956 18 1025 .-.·n-

864 146 1125 185 —333—

149 290 196 328 ut
227 287 299 327 tilii
336 286 472 326 nostri
507 286 661 336 dilecti,
693 297 807 336 quos
842 286 1049 334 singulari
1077 288 1229 325 nostro
1254 296 1350 325 cum
1377 285 1537 333 gaudio
1564 285 1842 333 suscepimus

149 359 189 399 in
225 357 428 398 Domino.
476 357 536 396 lta
582 355 788 397 Christus
835 356 1053 396 Dominus
1100 367 1176 405 pro
1224 366 1305 395 sua
1352 355 1567 393 immensa
1612 355 1843 393 clementia

151 428 456 469 Ruthenorum
499 427 701 476 exemplo
748 426 944 466 Graecos
991 437 1147 466 omnes
1187 427 1240 465 ab
1280 424 1567 465 Orthodoxae
1607 425 1717 463 Fidei
1757 430 1843 463 tra-

152 499 253 539 mite
292 498 562 548 aberrantes,
607 498 678 548 qui
723 508 799 537 eos
846 498 885 536 in
923 496 1143 536 erroribus
1178 498 1438 546 sequuntur,
1473 500 1740 545 permoveat,
1773 495 1844 545 qui

152 569 369 609 Ruthenis
404 569 510 618 ipsis
546 569 586 608 in
623 568 702 608 hac
729 568 1081 607 reconciliatione
1106 568 1270 616 praeire
1295 566 1550 615 debuerant,
1583 566 1654 615 qui
1679 566 1845 604 tamdiu

150 640 308 690 duplici
342 640 608 689 gravissimo
642 639 749 690 jugo
783 639 970 687 animae,
1016 641 1057 677 et
1103 638 1297 687 corporis
1341 639 1614 687 premuntur,
1659 647 1844 686 quorum

152 711 446 750 calamitatem
482 711 588 760 dies,
621 713 663 750 et
698 711 850 750 noctes
885 709 1102 759 lugemus,
1134 712 1175 748 et
1200 711 1246 748 ut
1271 708 1350 758 ipsi
1376 709 1600 747 sectentur
1624 707 1850 755 unitatem,

152 782 393 831 et'pacem,
425 791 474 821 ac
509 780 730 820 erroribus
764 782 806 820 et
839 780 1033 820 tenebris
1068 780 1239 830 reJectis
1273 778 1596 827 amplectantur
1621 776 1846 816 veritatem

152 853 194 892 et
216 851 371 902 lucem,
404 854 445 892 et
467 853 743 891 revertantur
766 851 820 890 acl
846 850 948 900 Nos,
980 851 1051 900 qui
1084 851 1195 889 intra
1219 860 1291 889 cor
1316 851 1516 888 nostrum
1544 848 1582 886 in
1610 847 1850 886 visceribus

155 922 262 963 Jesu
298 922 459 963 Christi
483 933 559 962 eos
583 923 772 971 repicere
797 924 1019 971 optamus,
1053 922 1099 959 ut
1134 921 1173 960 in
1200 920 1407 959 omnibus
1430 918 1694 968 glorificetur
1720 917 1852 968 Deus,

153 996 197 1034 et
229 994 358 1034 Pater
393 993 566 1034 Domini
602 993 746 1033 Nostri
784 993 890 1032 Jesu
928 990 1103 1040 Christi,
1145 995 1186 1031 et
1219 991 1295 1030 fiat
1330 1001 1464 1029 unum
1502 990 1626 1037 ovile,
1659 993 1699 1028 et
1734 999 1851 1028 unus

155 1064 322 1104 Pastor.
358 1065 506 1104 Amen.

299 1135 516 1175 Volumus
550 1137 712 1183 autem,
746 1136 793 1174 ut
820 1133 1119 1184 praesentium
1146 1132 1367 1171 literarum
1393 1130 1686 1179 transumptis
1721 1130 1849 1169 etiam

156 1206 397 1256 impressis,
432 1206 593 1246 Notarii
630 1205 787 1255 publici
825 1215 958 1244 manu
994 1203 1269 1252 subscriptis,
1311 1204 1352 1242 et
1387 1197 1527 1250 sigillo
1563 1211 1777 1250 personae
1811 1200 1851 1239 in

156 1276 369 1325 dignitate
410 1275 715 1316 Ecclesiastica
759 1275 1028 1314 constitutae
1063 1273 1309 1321 obsignatis
1343 1272 1493 1311 eadem
1531 1282 1713 1320 prorsus
1746 1270 1854 1309 tides

156 1347 196 1386 in
231 1347 406 1398 Judicio,
452 1349 494 1386 et
527 1349 650 1386 extra
685 1346 788 1385 illud
822 1345 985 1395 ubique
1031 1345 1225 1383 locorum
1274 1342 1507 1390 habeatur,
1553 1352 1666 1391 quae
1701 1341 1852 1380 iisdem

159 1417 467 1468 praesentibus
502 1417 749 1466 haberetur,
783 1416 816 1455 si
852 1415 997 1455 forent
1031 1414 1261 1459 exhibitae,
1294 1413 1360 1452 vel
1396 1415 1618 1452 ostensae.

301 1487 412 1527 Nulli
447 1498 550 1536 ergo
585 1487 766 1526 omnino
802 1486 1030 1525 hominum
1057 1485 1181 1525 liceat
1207 1485 1318 1523 hanc
1344 1483 1548 1532 paginam
1575 1486 1655 1522 etc.
1680 1484 1856 1521 nostrae

158 1559 434 1609 receptionis,
452 1558 643 1608 unionis,
660 1557 970 1608 adjunctionis,
987 1555 1264 1604 annexionis,
1279 1553 1659 1603 incorporationis,
1674 1552 1858 1601 permis—

159 1631 316 1681 sionis,
343 1629 658 1679 concessionis,
692 1631 733 1668 et
768 1628 921 1668 indulti
958 1627 1159 1675 infrigere
1194 1629 1271 1666 etc.

303 1701 344 1742 Si
380 1701 478 1751 quis
513 1701 660 1740 autem
698 1701 776 1739 etc.

303 1772 470 1811 Datum
506 1770 679 1810 Romae
717 1768 843 1819 apud
879 1767 922 1810 S.
962 1768 1140 1808 Petrum
1180 1777 1302 1806 anno
1339 1764 1666 1806 lncamatiom's
1704 1764 1859 1804 Domi-

160 1843 289 1884 m'cae
325 1843 448 1882 7595.
482 1841 666 1881 Decimo
699 1839 794 1880 Kal.
829 1840 1038 1881 ‚Ianuarii
1068 1837 1369 1879 pontificatus
1401 1836 1545 1877 nostri
1573 1835 1702 1875 Anno
1737 1835 1755 1873 Ι
1764 1835 1802 1874 V.
