2181 3305
1044 157 1307 198 —332—

475 295 528 334 Ut
563 295 691 344 igitur
724 296 776 335 de
812 296 1115 336 Ruthenorum
1152 298 1206 337 ad
1241 297 1487 338 Romanam
1525 297 1756 338 Ecclesiam
1793 299 1944 349 reditu,
1979 301 2022 340 et

331 365 680 406 reconciliatione
715 366 768 405 ad
804 367 1075 415 posteritatis
1115 369 1370 408 memoriam
1407 371 1537 416 certa,
1585 371 1625 408 et
1660 372 1871 418 perpetua
1904 372 2023 410 extet

330 435 578 476 testificatio
614 437 691 477 hac
729 440 880 477 nostra
919 440 1129 488 perpetua
1174 439 1490 478 constitutione
1538 439 1820 482 venerabiles
1865 440 2022 480 fratres

332 505 585 546 Michaelem
639 508 1027 557 Archiepiscopum
1084 507 1423 559 Metropolitam,
1473 512 1514 549 et
1564 513 1732 550 ceteros
1782 509 2023 560 Episcopos

332 576 562 616 Ruthenos
597 578 889 626 supradictos,
921 579 992 629 qui
1028 579 1201 619 decreto
1236 584 1572 629 consenserunt,
1605 583 1646 620 et
1681 581 1815 621 literis
1848 581 1901 620 ad
1934 580 2022 620 Nos

333 647 480 686 missis
514 647 885 697 subscripserunt,
929 650 1018 688 tam
1055 651 1324 698 praesentes,
1369 660 1499 700 quam
1535 650 1758 699 absentes,
1802 661 1891 690 una
1923 661 2021 690 cum

330 717 448 756 omni
483 728 631 756 eorum
669 715 809 765 Clero,
842 721 883 757 et
908 718 1071 767 populo
1096 719 1294 758 Nationis
1319 719 1560 769 Ruthenae,
1594 732 1671 760 seu
1697 721 1880 769 Russae,
1909 731 2022 771 quae

330 787 383 826 ad
418 788 658 836 temporale
691 788 946 838 dominium,
993 791 1035 828 et
1068 789 1276 829 ditionem
1325 789 1569 830 charissimi
1610 790 1682 830 filii
1719 790 1852 830 nostri
1887 789 2023 840 Sigis-

333 857 481 896 mundi
519 857 737 907 Poloniae,
770 861 811 898 et
845 858 1025 899 Sveciae
1060 859 1190 908 Regis
1225 860 1424 910 pertinet,
1456 860 1512 900 ad
1546 861 1732 909 laudem,
1765 864 1806 901 et
1838 861 2022 910 gloriam

331 926 531 977 Sanctae,
576 931 617 968 et
664 929 912 969 individuae
957 929 1196 979 Trinitatis,
1242 930 1394 980 Patris,
1433 930 1533 980 Filii,
1566 933 1607 971 et
1641 931 1829 982 Spiritus
1863 929 2026 982 Sancti,

331 998 384 1037 ad
421 998 747 1048 incrementum,
782 1003 823 1039 et
857 1000 1167 1040 exaltationem
1206 1000 1317 1040 Fidei
1355 1000 1632 1041 Christianae
1666 1002 1777 1042 intra
1809 1002 2021 1050 gremium

332 1067 547 1108 Ecclesiae
582 1067 849 1119 Catholicae,
894 1074 935 1111 et
970 1071 1181 1111 unitatem
1219 1070 1258 1111 S.
1294 1071 1340 1111 R.
1375 1071 1427 1121 E„
1470 1073 1530 1111 uti
1567 1072 1764 1112 membra
1797 1075 1949 1113 nostra
1982 1072 2033 1111 in*

333 1137 510 1179 Christo
544 1140 791 1190 recipimus,
825 1141 1017 1191 unimus,
1049 1141 1349 1193 adjungimus,
1382 1143 1673 1192 annectimus,
1706 1146 1748 1183 et
1772 1143 2024 1192 incorpora-

331 1219 495 1259 ramus,
527 1212 661 1260 atque
693 1210 756 1250 ad
782 1212 1001 1263 majorem
1035 1212 1265 1252 charitatis
1296 1214 1476 1252 nostrae
1510 1223 1611 1263 erga
1643 1213 1766 1263 ipsos
1797 1211 2025 1263 signitica-

332 1281 498 1320 tionem
533 1291 690 1321 omnes
720 1293 874 1322 sacros
905 1282 1030 1330 ritus,
1063 1284 1109 1322 et
1138 1283 1458 1332 caeremonias,
1497 1282 1660 1333 quibus
1693 1283 1892 1324 Rutheni
1920 1281 2025 1332 Epi-

329 1352 469 1400 scopi,
503 1353 549 1391 et
580 1351 733 1393 Clems
756 1354 892 1404 juxta
928 1351 1197 1393 Sanctolum
1231 1354 1413 1393 Patrum
1449 1353 1713 1394 Graecerum
1742 1354 1948 1394 instituta
1979 1354 2025 1393 in

331 1422 511 1461 Divinis
547 1421 735 1471 Officiis,
780 1425 825 1463 et
854 1422 1183 1463 Sacrosanctae
1217 1423 1383 1463 Missae
1413 1423 1653 1472 sacrificio,
1698 1425 2028 1475 ceterorumque

332 1491 724 1533 sacramentorum
747 1493 1149 1542 administratione,
1172 1493 1274 1534 aliis
1283 1505 1331 1534 ve
1349 1495 1489 1534 sacris
1505 1493 1812 1534 functionibus
1829 1495 2026 1544 utuntur,

332 1561 575 1602 dummodo
614 1564 798 1612 veritati,
831 1566 876 1604 et
906 1563 1132 1604 doctrinae
1164 1563 1295 1605 Fidei
1327 1563 1587 1605 Catholicae
1609 1575 1700 1604 non
1724 1563 2024 1613 adversentur,

331 1634 376 1673 et
405 1634 769 1674 communionem
803 1646 904 1674 cum
939 1634 1147 1674 Romana
1192 1635 1393 1675 Ecclesia
1438 1646 1530 1675 non
1563 1634 1815 1685 excludant,
1858 1634 2025 1677 eisdem

332 1703 553 1743 Ruthenis
573 1703 819 1754 Episcopis,
843 1706 889 1745 et
911 1703 1035 1745 Clero
1059 1717 1114 1745 ex
1133 1705 1394 1755 Apostolica
1416 1705 1693 1756 benignitate
1707 1705 2025 1754 permittimus,

331 1774 633 1824 concedimus,
669 1778 714 1815 et
743 1775 1037 1827 indulgemus.

476 1846 569 1886 Non
600 1847 884 1887 obstantibus
911 1844 1330 1896 Constitutionibus,
1363 1850 1404 1887 et
1438 1846 1800 1887 Ordinationibus
1833 1846 2026 1896 Aposto-

333 1915 435 1965 licis,
467 1917 710 1967 ceterisque
744 1917 971 1957 contrariis
1005 1917 1371 1968 quibuscumque.

474 1985 639 2027 Omnes
675 1988 803 2036 igitur
839 1988 1072 2027 unanimes
1107 1999 1195 2028 uno
1221 1988 1375 2038 spiritu
1401 1988 1713 2028 benedicamus
1738 1987 1876 2027 Deum
1903 1987 2024 2035 coeli,

332 2060 373 2096 et
397 2057 565 2097 Patrem
600 2059 954 2108 misericordiam,
987 2059 1059 2109 qui
1091 2058 1191 2098 iacit
1221 2059 1431 2098 mirabilia
1456 2069 1615 2107 magna
1639 2059 1762 2098 solus
1786 2069 1811 2098 a
1835 2058 2027 2107 saeculo,

332 2128 403 2177 qui
439 2129 570 2168 corda
603 2129 789 2169 filiorum
826 2130 880 2169 ad
914 2131 1080 2179 patrem
1117 2130 1343 2179 convertit,
1388 2140 1494 2168 oves
1528 2127 1689 2168 Christi
1723 2129 1778 2169 ad
1812 2128 1926 2168 ovile
1958 2138 2025 2167 re-

332 2199 468 2247 duxit,
503 2200 700 2239 membra
733 2200 861 2249 capiti
898 2200 1051 2239 iterum
1088 2200 1419 2248 conglutinavit.
1471 2199 1735 2263 Benedictus
1776 2198 1910 2248 Deus,
1952 2197 2025 2249 qui

333 2280 506 2318 semper
540 2271 702 2318 cogitat
736 2271 1028 2319 cogitationes
1063 2271 1184 2320 pacis
1217 2272 1259 2310 et
1282 2270 1375 2310 vult
1398 2280 1554 2309 omnes
1588 2269 1737 2309 salvos
1769 2269 1873 2318 fieri,
1905 2271 1947 2308 et
1969 2268 2026 2308 ad

334 2340 600 2387 agnitionem
642 2341 838 2380 veritatis
883 2341 1041 2380 venire.
1106 2340 1324 2380 Benedicti
1359 2340 1447 2380 sint
1479 2339 1636 2380 fratres
1671 2339 1808 2379 nostri
1842 2337 2025 2378 Michael

334 2410 701 2460 Archiepiscopus
737 2411 1027 2461 Metropolim,
1060 2413 1102 2450 et
1136 2409 1397 2460 Coepiscopi
1433 2410 1529 2462 ejus
1564 2409 1768 2460 Rutheni,
1800 2409 1871 2459 qui
1894 2418 2025 2448 aures

334 2490 439 2518 suas
476 2492 561 2520 non
598 2481 918 2521 obturaverunt
951 2482 1005 2521 ad
1039 2492 1190 2521 vocem
1218 2481 1404 2530 Domini,
1437 2481 1515 2520 sed
1540 2480 1594 2519 illi
1617 2480 1670 2519 ad
1695 2479 1856 2519 ostium
1882 2477 2024 2518 cordis

334 2551 481 2598 stanti,
514 2554 554 2590 et
589 2552 780 2600 pulsanti
815 2554 1094 2602 aperuerunt,
1127 2563 1201 2601 per
1236 2552 1374 2601 ipsius
1397 2551 1596 2600 gratiam,
1629 2550 1701 2600 qui
1735 2550 1810 2590 dat
1841 2548 1950 2588 velle
1983 2550 2025 2588 et

335 2620 538 2669 perficere
569 2632 645 2670 pro
669 2622 784 2661 bona
816 2622 1057 2662 voluntate.
1092 2622 1173 2661 Det
1198 2621 1279 2661 illis
1305 2621 1423 2661 Deus
1447 2620 1733 2660 abundatiam
1768 2618 2023 2658 coelestium

334 2691 566 2741 donorum,
599 2695 639 2731 et
674 2695 917 2741 conservet,
951 2695 992 2732 et
1027 2692 1280 2732 corroboret
1314 2692 1354 2731 in
1391 2692 1471 2731 hoc
1497 2693 1653 2730 sancto
1678 2689 1904 2739 proposito
1926 2699 2023 2728 cum

335 2763 452 2801 omni
489 2759 629 2811 Clero,
663 2766 705 2803 et
738 2763 849 2802 fideli
887 2763 1064 2812 populo,
1108 2764 1156 2802 ut
1190 2765 1481 2812 permaneant
1515 2762 1554 2800 in
1589 2760 1812 2808 charitate,
1845 2760 1887 2798 et
1920 2758 2025 2798 obe-

335 2832 496 2871 dientia
530 2831 572 2872 S.
598 2833 642 2872 R.
667 2832 706 2873 E.
741 2833 892 2873 Matris
927 2845 1047 2881 suae,
1080 2835 1126 2872 ut
1149 2834 1409 2882 agnoscant,
1431 2834 1473 2872 et
1497 2832 1706 2881 perpetuo
1731 2829 2026 2869 confiteantur

336 2904 682 2951 magnitudinem
721 2904 893 2943 divinae
930 2904 1248 2943 misericordiae
1283 2914 1385 2952 erga
1410 2904 1543 2953 ipSOS,
1577 2903 1617 2940 et
1641 2901 1869 2940 ambulent
1893 2900 1932 2938 in
1956 2899 2026 2939 via

337 2973 506 3012 Domini
542 2977 858 3014 conservantes
893 2974 1104 3013 unitatem
1141 2974 1321 3023 spiritus
1357 2973 1395 3012 in
1432 2971 1605 3011 vinculo
1637 2971 1756 3020 pacis
1781 2970 2027 3019 nobiscum,
