2181 3305
828 157 1089 196 ——321—

111 306 305 345 causam,
340 295 584 335 secundum
623 295 803 335 Latinos
837 307 939 336 vero
976 297 1231 346 principium
1269 295 1585 336 subsistentiae
1618 296 1804 346 Spiritus

113 366 265 415 sancti,
313 366 425 406 sicut
459 369 501 406 et
535 365 720 405 Patrem.
785 364 986 416 Cumque
1033 368 1194 415 omnia,
1238 378 1352 417 quae
1390 367 1529 407 Patris
1564 372 1678 415 sunt,
1713 369 1804 416 ipse

112 437 238 477 Pater
270 436 500 485 unigenito
537 435 640 475 Filio
674 447 756 475 suo
789 437 1011 485 gignendo
1046 438 1224 486 dederit,
1273 442 1442 488 praeter
1483 449 1580 477 esse
1617 438 1804 483 Patrem,

113 507 194 548 hoc
229 507 371 557 ipsum
419 507 538 557 quod
584 506 776 556 Spisitus
823 511 1007 547 sanctus
1054 509 1246 557 procedit
1285 520 1336 548 ex
1374 508 1491 556 Filio,
1538 509 1628 557 ipse
1677 508 1806 547 Filius

112 589 137 619 a
171 578 302 618 Patre
334 577 613 618 aeternaliter
659 578 804 621 habet.
840 590 864 617 a
898 589 984 628 quo
1020 580 1298 618 aeternaliter
1343 580 1472 619 etiam
1519 579 1694 627 genitus
1730 583 1808 618 est.

113 648 320 699 lllamque
354 648 586 687 verborum
624 647 809 697 illorum,
845 645 1048 698 Filioque,
1082 649 1418 698 explicationem
1444 649 1640 688 veritatis
1664 649 1806 688 decla-

113 719 276 759 randae
307 718 463 768 gratia,
497 720 539 758 et
563 719 820 758 imminente
842 722 946 758 tunc
974 721 1248 769 necessitate,
1283 721 1392 760 licite
1421 731 1468 759 ac
1495 714 1809 759 rationabiliter

112 789 323 842 Symbolo
356 789 495 828 fuisse
528 789 795 839 appositam.

257 861 359 900 ltem
396 860 436 899 in
472 871 628 910 azymo
663 861 755 900 sive
789 861 1052 901 fermentato
1088 872 1199 911 pane
1245 862 1413 901 triticeo
1453 871 1613 910 corpus
1647 859 1809 901 Christi

112 931 324 972 veraciter
363 931 529 980 confici,
577 932 921 982 sacerdotesque
967 933 1006 971 in
1054 933 1190 972 altero
1238 933 1380 981 ipsum
1429 932 1602 971 Domini
1649 942 1810 980 corpus

113 1001 327 1042 conficere
361 1002 535 1050 debere,
569 1013 934 1052 unumquemque
970 1003 1133 1042 scilicet
1164 1003 1289 1053 Juxta
1313 1014 1420 1042 suae
1456 1002 1684 1050 Ecclesiae,
1719 1002 1810 1041 sive

114 1071 423 1119 Occidentalis,
459 1073 551 1112 sive
585 1070 821 1112 Orientalis
857 1073 1239 1113 consuetudinem.

257 1142 360 1182 item
396 1142 430 1182 si
465 1153 567 1182 vere
602 1143 876 1192 poenitentes
911 1144 950 1182 in
988 1143 1062 1183 Dei
1099 1143 1311 1183 charitate
1345 1143 1633 1190 decesserint,
1687 1145 1811 1182 ante-

113 1223 246 1263 quam
293 1214 437 1262 dignis
482 1213 779 1263 poenitentiae
818 1213 1034 1253 fructibus
1073 1214 1126 1253 de
1161 1214 1411 1253 commissis
1446 1211 1737 1253 satisferecint
1771 1214 1813 1252 et

115 1284 307 1333 omissis,
339 1295 490 1323 eorum
527 1284 700 1323 animas
735 1285 889 1333 poenis
924 1284 1164 1333 purgatorii
1200 1286 1301 1333 post
1337 1286 1518 1323 mortem
1556 1284 1747 1332 purgari:
1772 1286 1814 1323 et

115 1355 164 1394 ut
195 1364 220 1393 a
253 1354 408 1404 poenis
443 1354 696 1393 huiusmodi
732 1354 991 1404 releventur,
1027 1355 1239 1404 prodesse
1274 1355 1335 1393 eis
1372 1354 1576 1393 Fidelium
1613 1354 1811 1393 vivorum

115 1423 338 1474 suffragia,
374 1424 606 1464 Missarum
645 1425 807 1465 scilicet
832 1425 1056 1474 sacrificia,
1090 1425 1328 1474 orationes,
1363 1428 1404 1465 et
1427 1425 1749 1475 eleemosynas,
1773 1427 1815 1464 et

115 1495 200 1536 alia
233 1495 409 1545 pietatis
443 1495 598 1545 officia,
631 1506 745 1545 quae
778 1506 803 1535 a
838 1493 1056 1535 Fidelibus
1092 1506 1168 1545 pro
1203 1496 1298 1535 aliis
1333 1496 1551 1535 Fidelibus
1585 1495 1674 1534 fieri
1709 1506 1815 1535 con-

116 1569 359 1606 sueverunt
405 1567 649 1605 secundum
700 1565 915 1606 Ecclesiae
950 1567 1163 1606 instituta.
1228 1566 1490 1616 lllorumque
1524 1566 1708 1615 animas,
1742 1566 1814 1616 qui

116 1638 220 1686 post
254 1636 475 1686 baptisma
508 1638 765 1686 susceptum
804 1633 967 1676 nullam
1004 1638 1186 1676 omnino
1216 1637 1382 1686 peccati
1409 1637 1638 1686 maculam,
1671 1637 1736 1676 vel
1773 1636 1813 1675 in

117 1706 211 1747 suis
246 1707 518 1759 corporibus,
552 1708 619 1746 vel
656 1708 819 1747 eisdem
856 1710 1014 1747 exutae
1049 1707 1306 1757 corporibus
1340 1707 1488 1756 (prout
1519 1707 1718 1756 superius
1751 1707 1816 1746 di-

117 1780 234 1818 ctum
273 1777 357 1826 est)
404 1779 510 1817 sunt
556 1780 780 1827 purgatae,
827 1778 866 1817 in
904 1778 1074 1817 caelum
1113 1789 1211 1817 mox
1247 1778 1388 1826 recipi,
1436 1779 1478 1816 et
1512 1778 1666 1817 intueri
1702 1778 1816 1817 clare

117 1848 263 1898 ipsum
301 1848 440 1887 Deum
476 1848 638 1888 trinum
676 1851 717 1888 et
751 1859 888 1888 unum
926 1849 1051 1888 sicuti
1088 1850 1167 1898 est,
1203 1848 1455 1888 meritorum
1492 1850 1639 1887 tamen
1674 1848 1817 1887 diver-

118 1918 248 1958 sitate
281 1918 412 1957 alium
449 1919 534 1958 alio
570 1918 816 1968 perfectius.
851 1919 1022 1958 illorum
1059 1921 1206 1959 autem
1242 1919 1428 1966 animas,
1476 1918 1547 1968 qui
1583 1918 1622 1957 in
1659 1918 1817 1958 actuali

121 1989 290 2029 mortali
325 1991 520 2038 peccato,
555 1990 622 2028 vel
658 1989 754 2029 solo
789 1990 985 2038 originali
1011 1990 1240 2038 decedunt,
1276 2000 1379 2028 mox
1414 1989 1452 2028 in
1490 1989 1706 2028 infernum
1743 1989 1818 2028 de-

23 2058 25 2071 “
70 2078 74 2082 ·
119 2060 341 2110 scendere,
375 2060 530 2109 poenis
563 2063 711 2100 tamen
747 2060 998 2110 disparibus
1033 2060 1294 2110 puniendas.

263 2130 365 2170 ltern
402 2133 601 2170 sanctam
650 2130 947 2180 Apostolicam
985 2130 1156 2173 Sedem,
1202 2132 1243 2170 et
1278 2129 1525 2169 Romanum
1562 2128 1817 2169 Pontificem

119 2199 160 2240 in
196 2201 451 2241 universum
489 2199 649 2241 Orbem
681 2203 827 2241 tenere
852 2202 1105 2251 primatum:
1140 2204 1181 2241 et
1205 2202 1348 2251 ipsum
1377 2200 1630 2241 Pontificem
1658 2200 1821 2240 Roma-

120 2282 241 2320 num,
276 2282 581 2311 successorem
609 2282 708 2311 esse
733 2271 845 2311 beati
871 2272 980 2312 Petri
1009 2270 1217 2322 Principis
1242 2271 1569 2321 Apostolorum,
1603 2273 1644 2310 et
1667 2281 1819 2310 verum

121 2338 284 2381 Christi
322 2341 555 2390 Vicarium,
603 2342 830 2392 totiusque
865 2341 1082 2382 Ecclesiae
1117 2344 1260 2392 caput,
1299 2344 1341 2381 et
1375 2342 1571 2381 omniurn
1607 2339 1821 2381 Christia-

122 2422 279 2451 norum
327 2413 495 2461 patrem
539 2423 588 2452 ac
629 2413 854 2453 doctorem
902 2413 1108 2461 existere3
1155 2416 1197 2453 et
1231 2413 1310 2462 ipsi
1346 2413 1386 2451 in
1423 2412 1551 2452 beato
1587 2412 1713 2451 Petro
1748 2422 1822 2461 pa-

122 2482 289 2531 scendi,
322 2483 517 2531 regendi,
563 2485 605 2522 et
637 2484 912 2532 gubernandi
960 2484 1253 2523 universalem
1304 2482 1538 2522 Ecclesiam
1575 2494 1598 2522 a
1635 2482 1823 2521 Domino

123 2554 278 2592 nostro
313 2552 422 2592 „lesu
456 2552 635 2593 Christo
670 2554 844 2603 plenam
894 2555 1159 2603 potestatem
1207 2554 1411 2593 traditam
1455 2564 1572 2600 esse;
1607 2553 1820 2603 quemad—

125 2623 303 2663 modum
351 2624 482 2664 etiarn
519 2624 559 2663 in
597 2625 714 2664 Actis
754 2624 1152 2665 Oecumenicorum
1202 2622 1498 2665 Conciliorum
1534 2627 1576 2664 et
1610 2624 1649 2663 in
1685 2623 1823 2662 sacris

123 2693 370 2733 canonibus
405 2694 667 2734 continetur.

267 2763 448 2814 insuper
494 2765 703 2814 profiteor
749 2776 798 2805 ac
844 2765 1006 2815 recipio
1052 2766 1136 2805 alia
1182 2766 1343 2813 omnia,
1389 2775 1502 2815 quae
1545 2775 1597 2804 ex
1637 2762 1823 2802 decretis

124 2844 276 2875 sacrae
324 2834 645 2876 Oecumenicae
699 2835 931 2877 Generalis
985 2836 1150 2887 Synodi
1204 2836 1484 2875 Tridentinae
1540 2836 1822 2874 sacrosancta

126 2903 328 2945 Romana
351 2908 392 2946 et
414 2906 670 2956 Apostolica
699 2907 905 2956 Ecclesia,
940 2907 1068 2947 etiam
1105 2907 1218 2946 ultra
1253 2908 1460 2946 contenta
1495 2906 1534 2943 in
1571 2903 1823 2952 supradicto

267 3053 504 3087 Bepecrei‘icbxa
525 3054 598 3082 Υκῖςι
1732 3038 1771 3073 21
