2181 3305
839 153 1103 193 —327—

125 292 360 341 mendavit‚
403 292 522 342 quod
568 294 609 332 et
651 292 720 332 alii
763 292 919 333 fratres
967 293 1109 333 Nostri
1157 291 1369 333 Catholici
1418 293 1614 343 Episcopi
1669 294 1818 333 Poloni

122 363 274 412 fecere,
319 362 401 402 hoc
447 365 514 402 est
558 363 733 402 dilictus
779 362 894 402 filius
936 363 1092 403 Noster
1126 363 1347 413 Georgius
1383 363 1628 404 Cardinalis
1665 364 1819 404 Radzi-

122 433 251 473 vilius
287 431 530 482 Episcopus
565 430 887 482 Cracoviensis,
933 433 1131 473 „loannes
1171 434 1418 474 Demetrius
1451 434 1819 484 Archiepiscopus

125 503 440 553 Leopoliensis,
473 505 515 542 et
549 503 799 543 Bernardus
835 503 1080 554 Episcopus
1116 504 1436 544 Luceoriensis.

265 573 354 613 Nos
401 573 541 623 igitur,
585 574 657 624 qui
705 585 779 623 per
826 574 900 614 Dei
946 575 1129 623 gratiam
1179 576 1281 615 nihil
1329 576 1468 624 magis
1503 579 1710 624 optamus
1746 580 1820 615 aut

122 644 390 695 quaerimus,
433 655 563 694 quam
609 644 783 684 animas
830 643 1008 685 Christo
1048 645 1216 695 lucrari,
1262 657 1411 685 eorum
1449 646 1745 695 petitionibus,
1780 651 1820 685 et

122 715 422 756 oblationibus
457 715 701 766 intellectiS‚
734 719 775 756 et
809 717 1112 767 consideratis,
1153 727 1228 756 eas
1263 717 1391 756 etiarn
1428 727 1452 756 a
1488 717 1819 757 Venerabilibus

121 785 330 826 fratribus
366 785 538 825 Nostris
572 785 612 826 S.
638 786 683 825 R.
709 786 749 826 E.
784 786 1095 827 Cardinalibus
1130 786 1473 836 Congregationi
1510 787 1698 828 Sanctae
1735 787 1819 827 Ro-

123 867 294 906 manae,
328 859 369 896 et
405 856 675 897 Universalis
712 857 1011 908 inquisitionis
1035 858 1266 908 praefectis
1289 859 1519 907 diligenter
1553 858 1819 897 considerari

120 927 356 979 jussimus3
403 938 593 978 cumque
640 928 788 970 omnia
834 932 1039 969 accurate
1074 940 1263 969 excussa
1297 933 1338 969 et
1372 930 1623 969 examinata
1658 934 1820 979 essent,

123 1000 165 1038 et
197 998 286 1038 duo
322 998 520 1048 Episcopi
557 999 793 1048 supradicti
831 999 1059 1050 Hypatius,
1093 1002 1134 1039 et
1168 999 1359 1050 Cyrillus
1393 1003 1481 1040 tam
1519 1010 1600 1039 suo
1635 1001 1821 1049 proprio,

121 1080 253 1120 quam
280 1068 507 1110 Michaelis
529 1069 869 1120 Archiepiscopi,
903 1081 980 1110 seu
1005 1070 1340 1120 Metropolitani,
1375 1075 1416 1110 et
1441 1070 1817 1120 coepiscoporum

122 1151 303 1181 suorum
342 1142 534 1191 nomine,
579 1152 692 1192 quae
726 1142 780 1181 ad
815 1142 1062 1192 haeresum,
1107 1153 1317 1191 errorum,
1351 1146 1391 1181 et
1427 1142 1679 1181 schismatis
1715 1152 1820 1181 con-

121 1212 464 1261 demnationem,
516 1214 557 1251 et
606 1213 945 1252 detestationem
1004 1213 1293 1263 pertinebant,
1345 1213 1422 1252 rite
1478 1213 1820 1261 praestitissent3

122 1282 222 1322 item
259 1283 448 1332 prompti
496 1286 647 1322 essent
695 1283 865 1332 publice
911 1282 1040 1322 fidem
1078 1281 1351 1323 Catholicam
1389 1294 1441 1322 ex
1474 1283 1662 1322 formula
1697 1294 1820 1332 prae-

122 1354 286 1404 scripta
319 1353 524 1403 profiteri,
557 1364 605 1393 ac
642 1353 790 1402 Nobis,
824 1357 865 1393 et
899 1352 999 1393 Sedi
1034 1354 1313 1403 Apostolicae
1348 1365 1494 1392 veram
1526 1353 1818 1393 obedientiam

122 1424 341 1473 exhibere,
375 1424 430 1464 ob
466 1435 542 1464 eas
577 1435 738 1464 causas
773 1425 1014 1464 statuimus
1047 1424 1102 1464 ad
1129 1424 1202 1464 Dei
1237 1424 1419 1473 gloriam
1458 1424 1688 1464 Ruthenos
1724 1423 1820 1473 Epi-

122 1505 298 1545 scopos,
330 1497 371 1535 et
406 1495 635 1534 Nationem
671 1495 726 1534 ad
762 1495 956 1544 corporis
992 1494 1221 1545 Ecclesiae,
1266 1498 1307 1534 et
1343 1495 1570 1534 Romanae
1606 1494 1821 1534 Ecclesiae

121 1565 479 1606 communionem
516 1567 557 1605 et
591 1566 804 1605 unitatem
841 1565 1139 1605 admittendos
1174 1569 1214 1605 et
1239 1565 1512 1615 recipiendos
1547 1575 1657 1604 esse.
1692 1564 1820 1612 Quod

123 1639 171 1676 ut
206 1647 326 1676 more
361 1637 500 1685 magis
535 1637 735 1685 solemni,
783 1638 824 1675 et
871 1636 1023 1688 majori
1071 1647 1168 1676 cum
1218 1636 1380 1675 laetitia
1429 1635 1640 1685 spirituali
1688 1635 1821 1684 fieret,

122 1709 241 1747 certo
276 1707 518 1747 constituto
552 1707 632 1755 die,
666 1707 746 1746 hoc
781 1710 847 1747 est
883 1707 1108 1757 hodierno,
1141 1707 1212 1757 qui
1237 1710 1304 1746 est
1327 1708 1482 1746 tertius
1505 1710 1545 1746 et
1569 1707 1821 1753 vegesimus

125 1778 292 1818 mensis
339 1778 592 1817 Decembris
639 1777 740 1817 anni
789 1778 1035 1827 praesentis
1083 1778 1194 1818 1595
1244 1789 1368 1817 sacro
1415 1778 1595 1818 Sabathi
1631 1780 1821 1828 quatuor

122 1850 386 1898 temporum,
419 1852 460 1888 et
494 1848 665 1897 vigiliae
702 1848 867 1888 Natalis
904 1848 1077 1888 Domini
1104 1848 1247 1888 Nostri
1275 1848 1384 1887 Jesu
1412 1847 1572 1888 Christi
1596 1848 1821 1896 geminato

121 1918 302 1970 Jejunio,
337 1918 621 1958 Venerabiles
655 1919 811 1958 iratres
847 1921 1025 1958 nostros
1060 1918 1100 1960 S.
1132 1918 1176 1958 R.
1200 1919 1241 1958 E.
1277 1918 1546 1968 Cardinales‚
1580 1928 1821 1967 eorumque

123 1989 447 2039 amplissimum
485 1988 729 2038 Collegium
767 1990 806 2028 in
843 1989 1051 2028 Nostrum
1095 1989 1393 2038 Apostolicum
1433 1989 1660 2038 Palatium,
1705 1992 1745 2028 et
1779 1988 1819 2027 in

124 2060 293 2109 Aulam,
324 2071 437 2110 quae
471 2060 628 2100 dicitur
664 2059 960 2109 Constantini,
995 2060 1129 2111 hujus
1152 2060 1210 2099 rei
1233 2070 1370 2099 causa
1393 2060 1822 2108 congregaverimus,

124 2130 286 2181 quibus
320 2131 549 2170 nobiscum
597 2131 650 2170 de
699 2140 818 2170 more
863 2124 1210 2180 considentibus]
1257 2131 1494 2181 multisque
1530 2129 1824 2179 PraesulibuS,

127 2201 350 2251 Praelatis,
394 2204 436 2241 et
482 2202 642 2242 Aulicis
689 2201 918 2241 honoratis
952 2202 1066 2251 viris,
1104 2204 1145 2241 et
1178 2202 1464 2241 familiaribus
1500 2201 1663 2241 nostris
1697 2212 1822 2250 prae—

125 2272 326 2312 sentibus
360 2276 401 2312 et
435 2272 700 2322 astantibus,
732 2272 847 2313 duos
872 2272 1151 2322 supradictos
1178 2272 1420 2322 Episcopos
1446 2271 1678 2311 Ruthenos
1713 2270 1822 2311 Ora-

123 2345 244 2383 tores
292 2343 506 2383 introduci
558 2343 881 2393 mandavimus,
929 2343 1002 2393 qui
1052 2343 1106 2382 ad
1155 2343 1291 2392 pedes
1339 2342 1598 2382 humilitatis
1645 2326 1823 2381 nostrae

126 2413 357 2463 provoluti,
403 2425 450 2453 se
484 2414 540 2453 ad
573 2414 768 2463 corporis
804 2413 1020 2453 Ecclesiae
1054 2413 1307 2458 catholicae,
1341 2417 1382 2452 et
1417 2413 1644 2452 Romanae
1679 2411 1822 2451 Eccle-

125 2483 216 2523 siae
251 2483 479 2534 unitatem,
511 2488 552 2523 et
586 2484 880 2524 obedientiam
917 2484 1061 2533 recipi,
1100 2486 1141 2523 et
1175 2484 1342 2523 admitti
1379 2483 1533 2523 iterum
1571 2482 1823 2532 suppliciter

126 2555 357 2604 petierunt.
392 2554 502 2594 Tum
536 2555 665 2606 jussu
703 2558 857 2595 nostro
892 2555 1002 2594 lecta
1037 2557 1103 2594 est
1125 2554 1380 2594 deliberatio
1415 2556 1455 2593 et
1488 2554 1710 2594 decretum
1747 2564 1823 2592 su—

127 2626 369 2674 pradictum
417 2625 642 2666 Michaelis
689 2625 1013 2675 Archiepiscopi
1061 2625 1378 2674 Metropolitae,
1423 2628 1465 2664 et
1505 2624 1820 2674 Episcoporum

128 2694 448 2746 Ruthenorum,
481 2696 552 2746 qui
588 2697 623 2735 ei
659 2697 1032 2746 subscripserunt,
1076 2696 1240 2746 quique
1271 2706 1405 2745 supra
1439 2695 1705 2743 singullatim
1743 2704 1822 2733 no-

129 2766 279 2806 minati
313 2770 431 2817 sunt,
463 2768 515 2806 de
538 2768 739 2816 petenda,
773 2770 815 2807 et
837 2767 1070 2818 quibusvis
1095 2767 1418 2816 impedimentis
1442 2766 1621 2805 remotis
1643 2765 1822 2804 tirmiter

127 2835 355 2876 efficienda
388 2848 485 2877 cum
523 2838 724 2878 Romana
753 2837 942 2878 Ecclesia
964 2838 1182 2889 ejusmodi
1207 2837 1576 2884 reconciliatione,
1609 2838 1649 2874 et
1685 2845 1822 2873 mem-

128 2906 303 2946 brorum
338 2907 393 2947 ad
427 2910 558 2957 caput
592 2919 722 2948 suum
760 2919 874 2948 nova
908 2909 1083 2948 unione.
1149 2908 1326 2947 Lectum
1376 2911 1442 2946 est
1487 2910 1633 2945 autem
1682 2905 1820 2954 primo

128 2977 222 3017 loco
258 2977 502 3017 Ruthenico
526 2989 741 3027 sermone,
774 2981 821 3018 ut
846 2979 1141 3028 conscriptum
1168 2981 1247 3027 est,
1280 2978 1435 3017 deinde
1460 2977 1568 3015 lecta
1591 2978 1656 3014 est
1678 2975 1820 3014 versio
