2181 3305
841 168 1104 209 —325—

124 312 339 363 Hypatius
385 309 723 349 Protothronius
771 307 1014 358 Episcopus
1061 307 1426 347 Wlodimiriensis
1473 311 1512 346 et
1561 307 1819 355 Brestensis,

121 380 313 433 Cyrillus
348 379 543 420 Exarcha
569 378 812 428 Episcopus
839 378 1142 418 Luceoriensis
1167 380 1208 417 et
1230 376 1542 425 Ostrosiensis,
1576 375 1818 424 Gregorius

121 452 379 492 nominatus
425 449 791 498 Archiepiscopus
837 448 1004 487 electus
1052 448 1090 487 in
1141 447 1402 497 Episcopum
1453 446 1736 486 Polocensem
1777 451 1817 485 et

123 521 471 568 Vitebscensem,
518 519 729 559 Leontius
779 517 1020 568 Episcopus
1062 517 1294 565 Piscensis,
1340 520 1382 557 et
1415 516 1714 562 Turoviensis,
1747 517 1818 566 oui

121 592 256 642 paulo
290 593 391 641 post
424 601 477 629 ex
511 589 591 630 hac
627 589 715 629 vita
748 589 950 636 decessit,
983 591 1024 628 et
1050 588 1290 638 Dionysius
1317 586 1559 637 Episcopus
1584 585 1819 627 Cheimen-

121 662 185 703 sis
219 664 259 702 et
286 660 521 708 Belsensis,
554 663 596 700 et
617 660 773 700 deinde
800 659 938 699 Jonas
965 658 1313 699 Archimandrita
1338 657 1621 698 Kobrinensis
1655 657 1820 696 electus

125 733 167 773 in
216 732 480 782 Epiccopum
533 730 815 770 pinscensem
866 733 906 770 et
953 729 1270 769 Turoviensem
1323 729 1361 767 in
1411 728 1553 767 locum
1605 727 1819 767 demortui

126 803 294 843 Leontii
330 801 550 852 praedicti,
585 801 625 840 hi
653 811 809 840 omnes
833 801 980 840 divina
1004 798 1193 849 Spiritus
1218 798 1365 839 Sancti
1391 799 1487 838 luce
1511 809 1661 838 eorum
1690 798 1821 837 corda

120 873 422 922 collustrante,
453 875 692 921 coeperunt
718 872 796 921 ipsi
821 881 969 911 secum
1006 871 1212 919 cogitare,
1246 871 1355 909 inter
1389 880 1435 909 se
1472 869 1607 908 multa
1643 869 1820 907 consul-

121 944 292 984 tatione
325 946 366 984 et
401 943 632 993 prudentia
665 942 861 982 adhibita
894 941 1103 990 conferre,
1137 943 1177 981 et
1203 941 1315 980 serio
1338 943 1537 988 tractare,
1570 951 1616 979 se
1651 943 1691 979 et
1724 950 1820 987 gre-

119 1025 202 1064 ges
235 1025 349 1065 quos
383 1017 628 1064 pascerent,
661 1024 747 1053 non
784 1024 881 1053 esse
918 1012 1113 1051 membra
1153 1012 1347 1060 corporis
1382 1008 1557 1058 Christi,
1602 1010 1721 1059 quod
1755 1012 1821 1049 est

124 1084 329 1135 Ecclesia,
361 1085 433 1135 qui
468 1084 624 1124 visibili
662 1084 799 1133 ipsius
836 1083 1050 1123 Ecclesiae
1085 1082 1211 1131 capiti
1251 1081 1434 1122 Summo
1471 1081 1670 1120 Romano
1707 1079 1820 1119 Pon-

122 1154 225 1195 tifici
273 1165 360 1195 non
409 1154 708 1202 cohaererent,
751 1157 792 1193 et
837 1155 1067 1202 propterea
1113 1151 1352 1201 spiritualis
1398 1151 1513 1190 vitae
1548 1150 1741 1189 influxus
1776 1161 1822 1189 se

124 1236 213 1266 non
254 1236 387 1276 posse
422 1236 591 1275 capere,
625 1235 766 1275 neque
804 1234 1001 1263 crescere
1039 1223 1077 1261 in
1114 1222 1339 1271 charitate,
1373 1232 1469 1260 cum
1511 1221 1564 1260 ab
1590 1231 1640 1260 eo
1671 1222 1822 1260 essent

122 1296 345 1347 disjuncti,
392 1306 445 1334 ex
478 1306 566 1345 quo
601 1295 844 1334 secundum
883 1293 1020 1333 Deum
1058 1292 1218 1342 pendet
1263 1295 1404 1331 totum
1447 1302 1607 1340 corpus
1643 1301 1822 1340 compa-

123 1368 257 1416 ctum,
301 1368 343 1405 et
377 1376 627 1406 connexum
676 1376 750 1414 per
796 1375 972 1404 omnem
1019 1363 1271 1414 juncturam
1321 1361 1746 1401 subministrationis
1781 1361 1821 1400 in

124 1447 379 1477 mensuram
415 1436 686 1485 operationis
711 1434 1066 1485 uniuscnjusque
1091 1432 1289 1472 membri:
1323 1432 1427 1482 quin
1453 1432 1580 1471 etiam
1609 1442 1655 1471 se
1681 1431 1823 1470 omni-

123 1507 208 1548 bus
254 1507 429 1546 animae
475 1506 678 1555 periculis
721 1509 763 1545 et
803 1505 971 1544 insidiis
1020 1504 1230 1553 Principis
1278 1502 1559 1542 tenebrarum
1609 1505 1821 1552 tanquam

123 1577 266 1618 leonis
311 1577 523 1626 rugientis
569 1576 824 1626 propositos
870 1586 982 1623 esse,
1040 1575 1112 1625 qui
1160 1575 1272 1613 intra
1318 1573 1428 1612 ovile
1477 1570 1651 1621 Christi,
1712 1572 1824 1611 intra

123 1649 278 1688 Arcam
335 1648 505 1697 salutis,
567 1650 609 1687 et
664 1647 776 1686 intra
831 1646 1018 1685 Domum
1075 1645 1188 1684 illam
1247 1655 1332 1683 non
1387 1645 1550 1692 essent,
1598 1653 1710 1693 quae
1757 1644 1824 1682 est

123 1718 357 1759 aedificata
405 1729 540 1767 supra
588 1720 771 1767 petram,
817 1727 948 1767 quam
1003 1715 1186 1754 flumina
1230 1716 1272 1753 et
1311 1714 1428 1753 venti
1479 1714 1695 1752 irruentes
1747 1724 1822 1752 ne-

124 1791 295 1840 queunt
341 1792 633 1839 prosternere,
679 1788 718 1827 in
767 1798 854 1837 qua
900 1787 994 1826 sola
1039 1787 1172 1826 domo
1211 1786 1362 1834 Agnus
1397 1784 1464 1823 ille
1498 1784 1553 1823 ad
1586 1784 1700 1823 vitae
1733 1783 1821 1822 fru-

124 1863 243 1901 ctum
279 1860 534 1908 comeditur,
567 1859 639 1909 qui
664 1858 777 1898 tollit
807 1860 985 1907 peccata
1009 1856 1170 1895 mundi.
1205 1854 1502 1903 Quamobrem
1528 1864 1603 1903 pro
1629 1853 1824 1902 concilio,

123 1933 168 1971 et
201 1929 382 1970 salutari
417 1928 731 1969 deliberatione
754 1928 866 1967 inter
890 1939 938 1967 se
963 1928 1227 1975 statuerunt,
1261 1937 1307 1965 ac
1333 1925 1513 1964 firmiter
1536 1924 1823 1963 decreverunt

125 2001 264 2042 redire
296 2001 352 2040 ad
385 2011 512 2040 suam
545 2002 587 2039 et
610 1999 807 2039 omnium
845 1998 1037 2037 fidelium
1074 1996 1255 2036 Matrem
1293 1996 1538 2035 Romanam
1576 1993 1824 2042 Ecclesiam,

125 2071 282 2112 reverti
316 2071 372 2110 ad
407 2071 655 2110 Romanum
694 2069 946 2109 Pontificem
985 2066 1145 2107 Christi
1183 2068 1221 2106 in
1258 2066 1383 2106 terris
1419 2065 1650 2113 Vicarium,
1682 2068 1723 2104 et
1756 2068 1823 2103 to-

35 2168 44 2180 .
123 2142 215 2182 tius
237 2141 385 2192 populi
411 2139 648 2181 Christiani
673 2151 938 2180 communen
966 2139 1136 2178 Patrem
1163 2141 1203 2177 et
1229 2137 1469 2185 Pastorem,
1491 2136 1623 2184 longo
1647 2135 1820 2185 quidem

123 2213 338 2262 temporis
372 2212 601 2252 intervallo
636 2214 737 2261 post
770 2221 915 2250 annos
949 2209 1037 2249 fere
1071 2212 1245 2249 centum
1282 2206 1617 2257 quinquaginta,
1655 2209 1696 2244 et
1729 2216 1822 2244 am-

127 2283 255 2334 plius,
288 2285 445 2333 postea
478 2293 609 2333 quam
647 2282 833 2331 primum
870 2292 894 2320 a
930 2281 1025 2330 piae
1060 2291 1185 2319 mem.
1222 2277 1414 2326 Eugenio
1440 2277 1557 2326 Papa
1583 2275 1644 2315 IV.
1667 2276 1707 2314 in
1735 2274 1823 2314 Ge-

127 2353 262 2394 nerali
297 2352 492 2394 Concilio
539 2352 789 2392 Florentino
836 2350 989 2391 Graeci
1038 2350 1196 2399 recepti
1233 2353 1273 2389 et
1308 2347 1572 2387 reconciliati
1609 2345 1824 2385 Ecclesiae

124 2423 313 2464 fuerant.
339 2423 457 2464 l-lanc
483 2426 630 2464 autem
654 2422 1012 2463 deliberationem
1039 2424 1081 2461 et
1104 2421 1327 2460 decretum
1353 2418 1515 2467 scripto
1539 2417 1825 2460 tradiderunt,

125 2497 171 2536 et
205 2495 484 2544 mandarunt,
529 2494 596 2533 cui
643 2493 826 2533 Michael
873 2492 1255 2541 Archiepiscopus,
1300 2491 1341 2528 et
1387 2498 1542 2528 omnes
1586 2486 1823 2536 supradicti

129 2564 330 2616 Episcopi
350 2565 723 2614 subscripserunt,
741 2565 984 2614 datumque
1004 2566 1071 2603 est
1089 2563 1156 2602 die
1175 2560 1370 2601 secunda
1391 2559 1555 2599 mensis
1572 2557 1824 2598 Decembris

125 2646 249 2676 anno
283 2636 409 2686 1594,
446 2637 486 2676 in
522 2646 610 2687 quo
645 2636 818 2685 seipsos
853 2635 907 2674 ad
943 2634 1167 2674 Romanae
1204 2632 1420 2672 Ecclesiae
1455 2629 1825 2677 communionem,

126 2708 174 2746 et
206 2707 418 2747 unitatem
467 2706 789 2756 procurandam
836 2704 1059 2745 communi
1106 2703 1239 2743 veluti
1273 2701 1448 2741 vinculo
1482 2700 1825 2739 obstrinxerunt.

273 2775 401 2824 Quod
435 2777 564 2826 igitur
597 2776 708 2816 idem
746 2775 929 2815 Michael
964 2774 1346 2823 Archiepiscopus‚
1379 2774 1419 2811 et
1443 2769 1702 2819 Coepiscopi
1727 2768 1823 2819 ejus

127 2846 368 2896 supradicti
392 2847 643 2888 salutariter
667 2848 931 2895 statuerant,
963 2845 1119 2885 sedulo
1146 2845 1428 2893 exequentes,
1461 2840 1573 2879 duos
1597 2850 1649 2878 ex
1671 2848 1820 2878 eorum

130 2926 317 2956 numero
349 2917 606 2966 delegerunt
639 2917 869 2967 primarios
904 2915 1144 2966 Episcopos
1177 2913 1456 2953 Venerabiles
1489 2912 1643 2950 fratres
1680 2908 1823 2958 Hypa-

130 2986 239 3028 tium
277 2985 632 3027 Protothronium
669 2987 933 3037 Episcopum
959 2985 1371 3034 Wlodimiriensem,
1407 2984 1447 3021 et
1471 2981 1760 3025 Brestensem,
1783 2980 1823 3016 et
