2181 3305
1076 151 1337 191 —322—

362 289 457 329 fidei
483 289 706 339 symbolo,
740 289 987 339 profitenda
1010 302 1057 330 ac
1083 292 1328 341 recipienda
1350 292 1579 341 proposuit
1601 294 1732 342 atque
1756 293 2048 344 praescripsit,

363 362 409 399 ut
443 360 651 410 sequitur.

502 436 777 485 Apostolicas
806 438 847 475 et
876 435 1202 476 Ecclesiasticas
1234 437 1506 488 traditiones,
1539 438 1815 488 reliquasque
1849 438 2046 489 ejusdem

362 505 574 546 Ecclesiae
620 506 954 546 observationes
1000 509 1041 546 et
1087 507 1430 547 constitutiones
1477 507 1726 548 firmissime
1771 508 1955 549 admitto
2007 510 2050 550 et

359 576 611 625 amplector.

503 652 604 691 ltem
641 661 811 691 sacram
847 650 1115 701 Scripturam
1150 652 1276 703 juxta
1309 664 1407 693 eum
1443 664 1639 703 sensum,
1671 665 1801 704 quem
1837 655 1978 694 tenuit
2007 656 2050 696 et

358 723 478 762 tenet
525 724 678 761 sancta
714 723 852 761 mater
887 721 1088 772 Ecclesia,
1132 723 1259 774 cujus
1294 724 1361 762 est
1392 723 1583 774 Judicare
1615 724 1668 763 de
1702 735 1805 764 vero
1838 735 1973 764 sensu
2007 725 2050 765 et

359 792 719 841 interpretatione
753 802 976 831 sacrarum
1013 790 1351 843 Scripturarum‚
1383 793 1581 842 admitto,
1617 805 1692 834 nec
1717 805 1812 834 eam
1837 805 2045 845 umquam

360 862 439 901 nisi
473 862 599 912 Juxta
632 862 884 901 unanimem
922 873 1192 902 consensum
1221 861 1396 903 Patrum
1422 863 1629 913 accipiam
1656 868 1697 904 et
1719 865 2048 914 interpretabor.

504 943 713 983 Profiteor
760 954 951 993 quoque,
998 945 1168 994 septem
1210 956 1311 984 esse
1359 956 1460 984 vere
1493 947 1536 984 et
1569 947 1739 995 proprie
1772 948 2051 986 sacramenta

359 1025 498 1054 novae
544 1015 651 1062 legis
697 1025 720 1053 a
767 1014 873 1053 „lesu
921 1012 1099 1055 Christo
1146 1015 1334 1054 Domino
1381 1018 1534 1055 nostro
1579 1016 1796 1065 instituta,
1830 1019 1961 1067 atque
1993 1017 2048 1057 ad

358 1084 546 1124 salutem
584 1084 763 1123 humani
796 1085 984 1134 generis,
1028 1085 1125 1125 licet
1159 1096 1245 1125 non
1282 1086 1430 1125 omnia
1465 1086 1650 1134 singulis
1686 1087 1921 1137 necesaria,
1965 1087 2049 1126 sci·-

357 1155 454 1194 licet
509 1152 802 1204 Baptismum‚
857 1154 1268 1205 Confirmationem,
1323 1155 1659 1206 Eucharistiam‚
1715 1157 2047 1207 poenitentiam,

359 1225 605 1265 Extremam
652 1225 917 1275 unctionem,
964 1224 1171 1266 Ordinem
1207 1229 1249 1266 et
1283 1225 1627 1275 Matrimonium
1674 1227 1832 1278 illaque
1861 1228 2046 1276 gratiam

358 1295 571 1336 conferre:
606 1296 648 1335 et
681 1306 733 1334 ex
768 1295 835 1335 his
872 1295 1160 1347 Baptismum,
1207 1294 1599 1337 Confirmationem
1636 1299 1677 1337 et
1710 1296 1916 1338 Ordinem
1953 1299 2048 1338 sine

357 1366 585 1414 sacrilegio
620 1367 810 1406 reiterari
847 1377 933 1406 non
970 1377 1114 1415 posse.

500 1442 717 1491 Receptos
752 1452 929 1492 quoque
963 1444 1004 1481 et
1038 1441 1307 1492 approbatos
1343 1441 1557 1482 Ecclesiae
1591 1441 1846 1483 Catholicae
1872 1445 1981 1484 ritus
2005 1444 2046 1483 in

358 1513 709 1562 supradictorum
763 1512 960 1551 omnium
1009 1514 1388 1552 sacramentorum
1436 1513 1621 1552 solemni
1668 1513 2049 1554 administratione

357 1580 519 1632 recipio
552 1585 594 1622 et
626 1581 822 1622 admitto.

500 1658 660 1698 Omnia
692 1660 734 1698 et
767 1632 954 1709 singula,
988 1670 1102 1709 quae
1135 1659 1188 1699 de
1222 1662 1403 1709 peccato
1437 1660 1647 1709 originali,
1680 1662 1721 1700 et
1754 1661 1806 1700 de
1835 1660 2049 1712 J'ustifica-

356 1731 477 1770 tione
512 1730 552 1769 in
588 1731 872 1769 sacrosancta
914 1728 1168 1770 Tridentina
1203 1729 1383 1780 Synodo
1416 1730 1596 1770 definita
1629 1734 1671 1771 et
1703 1731 1922 1771 declarata
1955 1731 2049 1771 fue-

359 1803 474 1850 runt,
506 1799 746 1850 amplector
779 1802 821 1839 et
855 1800 1046 1849 reciptio.

502 1876 713 1916 Profiteor
748 1876 907 1925 pariter
942 1876 981 1915 in
1019 1876 1154 1916 Missa
1199 1876 1341 1916 offerri
1390 1877 1480 1917 Deo
1525 1888 1691 1927 verum,
1738 1878 1974 1927 proprium,
2007 1878 2051 1917 et

359 1947 706 1996 propitiatorium
744 1946 1003 1986 sacrificium
1040 1957 1117 1997 pro
1150 1947 1261 1986 vivis
1297 1950 1339 1987 et
1361 1947 1589 1998 defunctis,
1625 1950 1756 1998 atque
1790 1948 1830 1987 in
1866 1948 2051 1988 sanctis-

359 2018 471 2057 simo
507 2017 805 2057 Eucharistiae
839 2018 1119 2057 sacramento
1153 2028 1253 2057 esse
1273 2028 1389 2066 vere,
1423 2018 1604 2067 realiter,
1637 2021 1678 2058 et
1702 2018 2051 2058 substantialiter

358 2098 533 2138 corpus,
566 2089 608 2126 et
642 2087 903 2136 sanguinem
940 2098 1029 2126 una
1062 2098 1158 2128 cum
1195 2088 1342 2127 anima
1375 2090 1416 2128 et
1445 2088 1670 2129 divinitate
1706 2088 1876 2128 Domini
1913 2088 2049 2128 nostri

358 2159 466 2198 Jesu
502 2157 679 2206 Christi;
726 2157 906 2208 fierique
952 2158 1286 2199 conversionem
1333 2159 1470 2198 totius
1517 2159 1796 2199 substantiae
1841 2159 1967 2208 panis
2006 2159 2048 2198 in

358 2240 520 2279 corpus
544 2230 587 2268 et
612 2229 750 2269 totius
784 2228 1063 2268 substantiae
1083 2228 1171 2269 vini
1194 2228 1235 2268 in
1261 2229 1536 2278 sanguinem,
1559 2240 1690 2280 quam
1715 2229 2047 2269 conversionem

357 2299 588 2340 Catholica
621 2298 812 2338 Ecclesia
845 2298 1365 2339 transubstantiationem
1401 2299 1605 2349 appellat.
1632 2339 1634 2341 ,

503 2381 657 2420 Fateor
692 2381 820 2420 etiam
857 2380 940 2420 sub
974 2381 1110 2420 altera
1141 2381 1314 2421 tantum
1340 2381 1484 2431 specie
1505 2384 1645 2421 totum
1676 2383 1809 2430 atque
1831 2371 2047 2430 integrum

356 2450 599 2501 Christum,
633 2461 874 2501 verumque
909 2453 1235 2492 sacramentum
1272 2452 1397 2491 sumi.

504 2526 771 2567 Constanter
805 2530 935 2567 teneo
971 2527 1271 2576 purgatorium
1309 2538 1420 2575 esse,
1467 2527 1727 2577 animasque
1760 2527 1813 2566 ibi
1847 2527 2051 2566 detentas

362 2597 569 2637 Fidelium
607 2597 828 2646 suffragiis
870 2598 1028 2648 juvari.
1092 2595 1297 2637 Similiter
1330 2598 1372 2637 et
1405 2599 1585 2637 sanctos
1620 2607 1708 2636 una
1740 2607 1837 2636 cum
1873 2594 2050 2636 Christo

362 2670 598 2716 regnantes
622 2668 899 2707 venerandos
924 2670 1056 2718 atque
1079 2667 1350 2707 invocandos
1379 2678 1489 2716 esse,
1522 2678 1689 2717 eosque
1712 2667 1935 2706 orationes
1959 2667 2051 2707 Deo

363 2749 439 2787 pro
475 2737 601 2777 nobis
636 2737 805 2785 offerre,
840 2741 973 2788 atque
1007 2747 1158 2777 eorum
1195 2737 1400 2787 reliquias
1433 2747 1532 2776 esse
1565 2737 1851 2776 venerandas.

504 2819 770 2859 Firmissime
804 2830 971 2869 assero,
1006 2819 1220 2868 imagines
1243 2818 1419 2868 Christi,
1450 2829 1498 2858 ac
1522 2803 1933 2868 Deiparae'semper
1957 2817 2050 2858 Vir-

361 2890 487 2939 ginis,
534 2900 702 2930 necnon
749 2889 933 2929 aliorum
981 2888 1243 2929 Sanctorum
1292 2889 1519 2929 habendas
1564 2890 1606 2927 et
1651 2889 1904 2928 retinendas
1937 2898 2052 2938 esse,

354 2962 494 3009 atoue
529 2960 591 2999 eis
624 2960 818 2999 debitum
856 2958 1068 2998 honorem
1104 2969 1152 2998 ac
1187 2958 1513 2998 venerationem
1551 2958 1898 3007 impartiendam.
