2181 3305
1130 144 1394 199 -324,-

413 282 530 332 quod
566 283 756 331 positum
794 285 859 323 est
893 294 916 323 a
950 294 1126 323 summo
1161 285 1397 325 architecto
1432 283 1610 327 Christo
1649 286 1770 335 jesu,
1809 288 1881 338 qui
1917 298 2021 327 cum
2079 289 2118 329 si

413 352 663 401 primarium
699 353 1034 393 fundamentum
1071 358 1111 393 et
1148 353 1277 403 Lapis
1312 355 1476 395 electus
1511 359 1552 396 et
1583 357 1821 407 angularis,
1853 358 1925 408 qui
1961 360 2108 408 portat

412 425 453 462 et
488 425 710 463 sustentat
755 424 902 462 omnia
948 424 1081 463 verbo
1115 425 1288 464 virtutis
1323 436 1443 474 suae,
1491 426 1601 466 idem
1639 427 1743 477 ipse,
1777 428 1842 467 cui
1878 430 2008 468 vocat
2043 439 2107 478 ea,

411 503 524 543 quae
559 505 644 533 non
681 498 798 542 sunt,
833 497 1044 544 tanquam
1080 505 1129 534 ea
1165 506 1276 544 quae
1299 499 1416 546 sunt,
1449 499 1490 537 et
1515 498 1587 547 qui
1611 497 1730 546 dixit,
1766 501 1808 537 et
1841 497 1954 538 facta
1989 500 2110 549 sunt,

411 562 634 603 Simonem
662 564 802 603 „lonae
827 564 961 602 filium
987 564 1208 604 hominem
1236 567 1462 605 mortalem
1488 570 1528 607 et
1554 569 1711 607 natura
1736 577 1819 607 sua
1842 568 2102 608 imbecillem

411 634 647 682 singularis
680 635 846 682 gratiae
881 634 1105 683 privilegio
1128 634 1321 685 Cepham
1346 638 1531 681 vocavit,
1568 638 1649 677 hoc
1673 641 1739 677 est
1765 637 1956 687 Petrum,
1980 639 2107 689 eique

410 705 577 743 tantam
626 704 876 744 firmitatem
913 708 954 744 et
989 705 1252 745 soliditatem
1289 706 1422 754 dedit,
1471 709 1518 746 ut
1551 712 1669 748 esset
1704 716 1827 757 petra
1861 709 2114 759 immobilis,

412 784 546 822 supra
580 785 711 824 quam
747 775 991 815 aedificavit
1016 775 1223 815 Sanctam
1252 774 1483 816 Civitatem
1509 788 1650 825 suam,
1685 789 1799 828 quae
1824 781 1890 818 est
1916 777 2106 819 Ecclesia

413 843 487 882 Dei
523 844 728 895 viventis,
773 846 1061 895 eamdemque
1097 857 1170 895 per
1204 846 1440 894 legitimam
1489 847 1770 887 Summorum
1809 848 2109 889 Romanorum

413 912 670 953 Pontificum
708 916 1049 964 successionem,
1084 916 1123 955 in
1148 917 1309 966 quibus
1334 917 1445 956 beati
1471 917 1581 957 Petri
1605 919 1846 958 auctoritas
1882 929 2109 969 nunquam

417 983 577 1032 deficit,
623 985 824 1024 aedificat
871 987 1017 1025 autem
1066 997 1206 1036 usque
1242 987 1281 1025 in
1317 987 1448 1026 finem
1500 988 1791 1028 saeculorum.
1857 989 2003 1039 ltaque
2037 1001 2113 1039 per

413 1064 568 1093 omnes
614 1057 783 1094 aetates
818 1058 859 1095 et
893 1058 1091 1105 tempora
1126 1057 1179 1096 ad
1215 1057 1326 1096 hanc
1370 1060 1535 1106 petram
1575 1057 1699 1099 Fidei,
1751 1056 1913 1108 Spiritu
1948 1057 2112 1103 Sancto

412 1126 601 1173 auctore,
636 1125 866 1165 confluunt
899 1128 1068 1175 gentes,
1102 1129 1143 1166 et
1179 1127 1218 1165 in
1256 1127 1368 1166 hanc
1404 1127 1494 1166 Deo
1530 1128 1728 1167 dilectam
1767 1128 1998 1169 Civitatem
2037 1140 2135 1179 per⁴

412 1195 619 1234 salutaris
655 1195 866 1244 Baptismi
899 1196 1080 1247 januam
1116 1197 1456 1237 introducuntur
1491 1199 1694 1237 nationes
1724 1203 1764 1238 et
1790 1199 1937 1248 populi
1974 1199 2111 1240 multi.

411 1263 554 1314 Saepe
588 1266 731 1315 etiam,
764 1267 836 1316 qui
871 1266 1053 1306 fallaciis
1088 1267 1334 1315 hominum,
1368 1270 1408 1307 et
1444 1268 1611 1307 Diaboli
1648 1269 1816 1309 insidiis
1840 1269 2008 1309 seducti
2033 1280 2109 1319 per

412 1335 538 1374 devia
572 1336 840 1385 aberrantes,
886 1342 927 1376 et
974 1337 1220 1386 perniciosa
1268 1338 1510 1378 schismata
1559 1339 1711 1378 sectati
1749 1339 2028 1379 inseruerunt
2062 1350 2112 1380 se

414 1405 639 1445 doloribus
677 1406 837 1455 multis,
883 1410 924 1446 et
970 1408 1023 1446 ab
1071 1407 1150 1446 hac
1198 1407 1361 1447 Sancta
1408 1406 1594 1448 Civitate
1638 1410 1950 1459 discesserunt,
1982 1410 2108 1450 iidem

415 1475 596 1515 Divinae
632 1477 955 1516 misericordiae
989 1477 1260 1517 abundantia
1286 1479 1743 1528 perresipiscentiarn,
1776 1480 2109 1520 conversionem

414 1548 455 1585 et
490 1547 802 1595 poenitentiam
852 1550 1078 1598 tamquam
1116 1559 1167 1587 ex
1201 1547 1410 1588 fluctibus
1444 1552 1688 1599 emergunt,
1734 1551 1775 1589 et
1809 1550 2028 1590 erroribus
2061 1561 2109 1590 ac

413 1617 728 1657 schismatibus
773 1618 995 1658 damnatis
1030 1621 1071 1658 et
1105 1619 1345 1667 repudiatis
1381 1619 1534 1658 iterum
1573 1620 1612 1659 in
1650 1619 1761 1659 hanc
1797 1622 1998 1660 sanctam
2035 1618 2110 1660 Ci-

412 1688 590 1727 vitatem
626 1699 650 1728 a
685 1688 869 1728 Summo
917 1688 1119 1728 Romano
1161 1688 1384 1739 pontifice,
1429 1690 1500 1740 qui
1537 1687 1635 1729 illus
1671 1689 1828 1731 Claves
1864 1690 2010 1741 habet,
2042 1702 2110 1732 re-

413 1759 647 1805 ducuntur,
691 1761 732 1798 et
766 1759 818 1798 ad
853 1759 1081 1808 pristinam
1130 1760 1342 1799 unitatem
1390 1771 1551 1808 magno
1599 1760 1814 1800 Ecclesiae
1849 1760 2105 1802 Catholicae

412 1829 573 1877 gaudio
609 1832 884 1879 revocantur,
918 1832 959 1869 et
982 1830 1034 1869 ad
1059 1831 1288 1879 pristinam
1325 1831 1537 1870 unitatem
1576 1842 1736 1880 magno
1772 1831 1989 1871 Ecclesiae
2024 1829 2111 1871 Ca-

413 1900 599 1939 tholicae
631 1900 793 1948 gaudio
830 1904 1104 1940 revocantur.
1140 1900 1187 1940 Et
1223 1912 1275 1940 ne
1309 1903 1504 1941 veteram
1540 1902 1817 1951 antiquitatis
1853 1901 2106 1941 memoriam

414 1973 679 2020 repetamus,
713 1971 953 2010 novissime
988 1971 1055 2011 his
1090 1971 1246 2011 diebus
1280 1972 1443 2011 nostris
1478 1972 1645 2011 illustre
1667 1971 2034 2011 reconciliationis
2066 1973 2110 2012 et

414 2041 679 2080 reversionis
712 2041 767 2080 ad
790 2038 1065 2080 Catholicam
1091 2041 1324 2081 Ecclesiam
1352 2042 1599 2090 exemplum
1626 2042 1766 2081 extitit
1801 2041 2106 2082 Ruthenorum

416 2110 748 2161 Episcoporum:
795 2111 884 2162 qua'
926 2112 965 2150 in
1015 2124 1057 2152 re
1104 2112 1386 2151 abundantes
1432 2112 1606 2151 divitias
1653 2112 1862 2152 bonitatis
1897 2112 1971 2152 Dei
2005 2123 2108 2162 erga

415 2181 702 2222 humilitatem
740 2185 935 2222 nostram
971 2183 1271 2232 agnoscimus,
1303 2183 1375 2232 qui
1402 2193 1498 2222 cum
1526 2183 1583 2223 ita
1604 2183 1883 2232 disposuerit,
1915 2186 1963 2223 ut
1992 2181 2107 2224 Pon-

413 2252 607 2292 tificatus
643 2252 800 2292 Noster
835 2253 874 2292 in
910 2256 998 2292 tam
1037 2253 1200 2292 multas
1226 2250 1503 2293 Christianae
1530 2253 1809 2302 Reipublicae
1832 2253 2108 2294 calamitates

414 2326 455 2361 et
488 2326 655 2362 tantam
691 2326 939 2372 temporum
966 2324 1248 2362 acarbitatem
1280 2324 1496 2373 incideret,
1531 2334 1663 2372 saepe
1698 2324 1824 2363 etiam
1860 2323 2103 2363 secundum

416 2393 737 2433 multitudinem
773 2394 972 2433 dolorum
1010 2393 1049 2432 in
1086 2394 1214 2433 corde
1249 2397 1401 2433 nostro
1443 2393 1823 2433 consolationibus
1856 2393 1950 2432 suis
1983 2393 2105 2433 laeti-—

413 2462 513 2502 ficat
550 2464 740 2502 animam
778 2466 986 2503 nostram.
1020 2464 1159 2503 Antea
1195 2464 1408 2514 siquidem
1437 2463 1626 2503 Rutheni
1654 2462 1866 2513 Episcopi,
1897 2466 2029 2514 atque
2054 2473 2104 2503 ea

414 2534 557 2572 omnis
593 2534 771 2582 copiosa
805 2537 845 2574 et
880 2535 1000 2573 clara
1024 2534 1151 2574 Natio
1175 2545 1271 2574 cum
1300 2534 1500 2575 Romana
1525 2533 1714 2574 Ecclesia
1737 2534 1933 2574 omnium
1959 2532 2104 2573 Eccle-

415 2603 575 2642 siarum
614 2603 750 2643 Matre
785 2608 825 2643 et
860 2603 1069 2652 Magistra
1105 2615 1190 2643 non
1227 2605 1593 2653 communicabat,
1633 2604 1708 2644 sed
1743 2603 1900 2653 proprii
1935 2614 2105 2644 sermo—

415 2675 494 2723 nis,
527 2677 659 2724 atque
684 2675 903 2714 idiomatis
926 2686 1024 2724 usu,
1046 2678 1216 2714 retento
1242 2673 1412 2714 Graeco
1438 2675 1531 2716 ritu.
1565 2674 1751 2723 vivebat,
1785 2675 1826 2713 et
1849 2673 2100 2714 luctuosum

414 2743 683 2784 Graecorum
719 2748 893 2792 gentem
929 2748 1139 2795 tanquam
1177 2756 1200 2784 a
1234 2745 1354 2784 fonte
1387 2745 1577 2794 quodam
1613 2746 1942 2793 promanarunt.

533 2815 679 2863 Nuper
711 2825 813 2854 vero
850 2815 1118 2854 Venerabilis
1159 2815 1290 2854 frater
1323 2815 1505 2854 Michael
1541 2814 1904 2863 Archiepiscopus
1937 2816 1979 2854 et
2011 2812 2103 2854 Me·-

412 2885 619 2933 tropolita
655 2885 913 2933 Kioviensis‚
949 2885 1307 2935 Haliciensisque,
1351 2896 1398 2924 ac
1433 2885 1569 2924 totius
1604 2883 1805 2934 Russiae,
1843 2887 1884 2924 et
1917 2894 2014 2924 cum
2049 2893 2102 2924 eo

414 2955 605 3005 plerique
640 2955 736 3006 eJ'us
770 2953 1176 3003 Comprovinciales
1212 2954 1423 3004 Episcopi,
1455 2954 1652 2994 videlicet
1678 2950 1946 2994 Venerabilis
1969 2953 2104 2994 frater
